2008 2818
729 108 1299 145 ——6—

249 226 324 246 rum
347 213 390 245 sit
413 213 482 245 sive
505 212 591 244 vitae
615 211 756 244 suavitas
778 215 813 242 et
834 209 1003 254 voluptas,
1038 210 1109 243 sive
1131 210 1214 255 quid
1234 221 1278 243 ex
1299 220 1403 256 opera
1424 212 1575 258 impensa
1597 212 1767 259 operibus-

250 278 316 312 que
347 264 473 298 effectis
501 263 587 297 lucri
610 269 644 296 et
673 261 837 296 mercedis
862 260 1052 306 proveniat,
1084 261 1182 294 anxie
1211 262 1416 306 quaesitent,
1450 271 1638 311 quantaque
1668 276 1767 310 saepe

249 318 396 351 virorum
419 314 687 348 doctissimorum
709 314 744 347 in
766 313 856 347 victu
876 318 977 357 atque
998 311 1121 345 amictu
1143 313 1306 354 tennitas,
1329 325 1429 358 qua-
1451 316 1582 350 tandu-
1604 328 1702 362 sacpe
1720 321 1769 349 ata

248 379 314 414 que
336 367 533 412 impeditum
556 367 597 399 ad
619 366 796 399 terminum
818 363 1026 409 propositum
1048 363 1133 407 iter3
1156 370 1191 396 at
1208 369 1332 409 quanta
1354 370 1471 399 contra
1493 367 1667 402 bominum
1687 380 1769 403 non-

245 420 414 453 nullorum
436 418 675 451 industriorum
697 429 760 461 per
780 416 917 448 artificia
941 421 975 447 et
997 416 1196 448 commercia
1214 415 1310 449 brevi
1332 421 1485 462 tempore
1504 419 1655 463 speciosa
1670 431 1770 466 que.

246 473 322 505 dam
345 477 379 505 et
401 471 525 503 fastosa
547 469 735 514 opulentia,
762 468 821 512 qui
843 467 953 502 cultus
973 479 1013 500 ac
1037 467 1256 511 supellectilis
1279 468 1459 512 splendor,
1487 480 1572 513 quae
1594 472 1769 505 commod·

245 536 283 558 ac
306 523 459 567 diuturna
481 532 549 554 non
572 526 638 554 tam
661 520 729 554 suis
751 530 847 565 quam
869 518 1010 552 aliorum
1031 518 1193 564 impensis
1221 518 1257 552 in
1284 518 1402 553 alienis
1430 520 1532 553 terris
1559 520 1768 566 urbibusque

244 573 470 620 peregrinatio
493 577 549 604 aut
568 571 799 612 commoratio,
816 575 851 602 et
867 581 953 616 quae
969 570 1033 603 alia
1053 574 1131 602 sunt
1143 570 1242 603 huius
1254 570 1390 616 generis
1400 570 1488 605 vitae
1505 570 1561 606 vel
1576 570 1768 607 incitamen-

243 633 276 661 ta
298 626 353 660 vel
375 626 569 659 levamenta.
614 624 682 657 lsta
705 623 792 657 enim
814 622 1001 656 animorum
1029 623 1199 657 fluctuatio
1228 629 1329 669 atque
1350 623 1388 655 in
1409 625 1542 667 agendo
1564 626 1768 669 praevarica-

242 679 290 712 tio
319 681 444 724 quanto
473 676 673 710 detrimento
701 674 744 708 sit
774 674 912 709 levioris
942 674 1070 719 ingenii
1097 674 1377 717 adolescentulis,
1412 676 1612 721 praesertim
1643 676 1767 721 quibus

242 730 383 774 contigit
405 729 442 761 in
464 728 594 761 urbium
610 727 856 773 opulentiorum
873 726 1071 760 celebritate
1087 727 1188 761 vitam
1210 727 1355 773 degere,
1384 739 1551 774 quamque
1570 728 1767 763 delicatiore

240 795 279 815 ac
303 781 458 821 lautiore,
481 781 538 824 qui
560 791 648 812 nunc
671 790 745 811 csse
770 779 872 820 solet,
894 779 1065 811 bominum
1088 780 1178 812 victu
1207 785 1241 812 et
1270 779 1362 812 cultu
1393 781 1493 813 modo
1516 780 1638 815 virium
1660 780 1768 813 inteu-

241 835 287 868 tio
312 833 421 867 subito
443 831 663 876 infringatur,
686 831 787 865 modo
810 831 845 864 in
868 831 976 865 literis
999 832 1173 876 profectus
1196 832 1429 874 retardentur,
1448 834 1548 866 modo
1571 833 1643 878 ipsa
1666 833 1766 867 bona·

238 898 310 918 rum
334 884 453 917 artium
476 883 622 928 dignitas
643 889 743 929 atque
766 884 947 918 auctoritas
967 884 1191 927 detrectetur,
1233 890 1267 918 ct
1289 884 1511 930 sapientiores
1539 891 1664 919 norunt
1695 898 1765 919 -nee

237 938 470 982 magistrorum
494 937 578 968 falsa
600 937 760 981 quaedam
784 948 823 969 ac
853 937 963 968 fucata
992 936 1189 969 inlitiabitur
1212 937 1423 971 verecundia.
1469 937 1585 983 Quare
1608 949 1677 972 non
1698 943 1766 973 tam

237 990 361 1037 publici
386 988 468 1023 iuris
491 989 671 1034 iudiciique
700 990 821 1022 factam
845 989 944 1023 velim
968 1001 1119 1022 caussam
1142 989 1250 1031 illam,
1298 1002 1317 1022 a
1340 990 1544 1033 Lorinsero,
1579 992 1654 1025 viro
1677 991 1765 1024 ccle-

236 1042 424 1077 bratissimo
449 1041 488 1086 ³),
512 1041 626 1074 nescio
650 1053 717 1087 quo
739 1042 876 1075 numine
900 1046 1088 1087 susceptam
1110 1047 1211 1087 atque
1233 1042 1275 1074 ad
1298 1041 1420 1086 vulgu-
1442 1042 1598 1078 delatam:
1623 1055 1711 1089 quae
1735 1044 1765 1076 si

234 1098 324 1130 inter
347 1093 525 1140 peritiores
548 1099 675 1127 tautum
703 1099 802 1140 atquc
832 1094 868 1128 iu
898 1093 1080 1129 secretiore
1111 1093 1224 1139 aliquo
1260 1093 1403 1128 consilio
1431 1093 1553 1139 agitata
1584 1100 1618 1128 et
1647 1094 1765 1128 diiudi-

233 1155 302 1181 cata
332 1152 441 1187 esset,
483 1146 592 1190 aptius
628 1147 820 1192 nostrisque
857 1147 1020 1189 omnium,
1057 1146 1197 1179 maxime
1230 1146 1412 1179 iuventutis
1447 1146 1566 1180 usibus
1608 1147 1764 1181 conveni·

234 1201 344 1235 entius
365 1199 490 1232 tactum
514 1199 676 1234 duxerim.
720 1199 844 1232 Parum
875 1199 964 1233 enim
994 1198 1204 1232 consuluisse
1231 1199 1312 1231 mibi
1340 1199 1498 1232 videntur
1519 1199 1633 1243 legum
1655 1200 1764 1245 publi-

233 1265 345 1288 carum
367 1250 556 1285 auctoritati
579 1256 613 1285 et
637 1250 791 1296 gravitati
814 1263 983 1297 nunquam
1006 1262 1075 1285 non
1097 1251 1197 1285 modo
1220 1250 1485 1293 imminuendae,
1515 1251 1575 1285 sed
1595 1264 1638 1285 ne
1661 1252 1763 1285 addu-

232 1305 384 1338 bitandae
416 1304 551 1349 quidem
582 1309 638 1335 aut
667 1303 932 1346 labefactandae,
974 1303 1095 1349 quibus
1123 1303 1247 1349 placuit
1275 1302 1479 1337 lamentabili
1510 1303 1650 1349 quadam
1678 1303 1762 1337 indi-

233 1358 392 1402 gnatione
416 1361 542 1388 sortem
564 1356 728 1400 conqueri
750 1367 932 1400 puerorum
950 1362 983 1388 et
1002 1355 1329 1388 adolescentulorum
1346 1356 1412 1387 lucu
1435 1355 1535 1388 nimis
1557 1367 1694 1389 severae
1717 1361 1763 1389 at-

234 1422 301 1455 que
324 1413 476 1442 austerae
498 1407 695 1452 disciplinae
717 1408 956 1448 obnoxiorum,
987 1408 1088 1452 idque
1111 1407 1220 1452 patrio
1244 1420 1417 1448 sermone,
1445 1419 1546 1452 quem
1568 1408 1761 1452 intelligere

233 1461 335 1496 facile
365 1464 416 1493 est
445 1464 479 1492 et
507 1459 542 1492 in
576 1464 753 1505 promptu,
797 1465 898 1505 atque
921 1458 1046 1494 libellis
1082 1465 1116 1492 ct
1150 1459 1484 1493 commentationibus
1520 1471 1622 1504 quum
1658 1473 1761 1506 parvo

235 1515 346 1562 pretio
374 1512 623 1557 comparandiS,
659 1517 729 1546 tum
760 1523 828 1545 uon
859 1512 930 1544 sine
953 1511 1126 1545 ambitiosa
1149 1512 1290 1557 quadam
1313 1517 1484 1545 auctorum
1508 1516 1542 1544 ct
1565 1511 1759 1558 bibliopola-

234 1580 309 1601 rum
329 1564 545 1600 contentione
568 1564 781 1610 proclamatis
804 1569 837 1597 et
861 1564 1054 1608 divulgatis,
1091 1564 1137 1596 sic
1167 1570 1202 1596 ut
1232 1564 1283 1597 vel
1315 1565 1357 1598 ad
1385 1564 1595 1598 mulierculas
1624 1571 1657 1597 et
1680 1577 1760 1610 quo-

235 1632 310 1654 rum
333 1618 443 1651 omnia
465 1617 527 1650 alia
551 1628 668 1649 curare
690 1622 790 1660 utque
812 1616 1043 1649 administrare
1066 1615 1142 1659 plus
1164 1616 1328 1647 iuteresse
1352 1615 1512 1656 debebat,
1548 1617 1759 1650 descenderit

236 1672 277 1704 ule
301 1668 484 1703 iuventutis
506 1673 641 1700 nostrae
664 1667 785 1700 misera
809 1674 901 1700 sorte
925 1667 1120 1712 propediem
1149 1667 1286 1700 levanda
1310 1668 1442 1711 garrula
1470 1668 1532 1701 ista
1563 1673 1663 1712 atque
1691 1670 1759 1702 ina-

236 1725 290 1756 nis
313 1721 503 1766 disputatio.
549 1720 669 1765 Neque
693 1719 879 1752 mirandum
902 1719 1009 1760 foret,
1039 1719 1128 1764 quod
1151 1719 1232 1763 quin
1256 1719 1377 1764 passim
1399 1719 1521 1752 sactum
1544 1720 1588 1753 sit
1611 1732 1678 1754 non
1702 1722 1758 1754 du-

306 1815 328 1851 ³)
348 1815 509 1848 „Lorinseri
527 1824 641 1851 gravem
658 1815 871 1842 admonitionem
890 1815 924 1842 de
943 1816 1027 1841 nimia
1045 1814 1223 1841 scholasticae
1240 1816 1417 1841 institutionis
1435 1815 1662 1850 amplificatione,
1682 1819 1757 1852 inge·

235 1863 342 1887 nicrum
366 1870 431 1887 sanc
457 1868 536 1894 quain
565 1868 711 1895 corporum
740 1860 852 1885 sanitati
875 1859 1087 1893 periculosiore,
1125 1858 1198 1884 band
1227 1859 1308 1893 pauci
1326 1859 1380 1885 leni
1399 1860 1456 1886 risu
1475 1860 1640 1894 excipiunt-‘⁶
1676 1861 1757 1888 sudi-

236 1907 307 1931 cinm
327 1907 367 1929 est
384 1903 554 1933 Eicbstadii,
582 1904 645 1929 Viri
664 1904 778 1932 rna-mi,
800 1903 828 1928 in
848 1903 943 1928 iudice
962 1902 1091 1929 sehet-r.
1114 1902 1194 1926 Univ-
1213 1902 1275 1928 Jeu.
1301 1911 1350 1936 per
1369 1903 1449 1928 bien.
1473 1913 1498 1931 a.
1522 1902 1615 1931 ¹836.
1638 1904 1758 1932 habe-d.

237 1958 263 1983 p.
283 1947 313 1972 ὃ.
329 1960 365 1966 -
383 1946 513 1972 Ceterum
534 1947 613 1977 vide,
642 1955 712 1981 quae
732 1947 766 1972 dc
784 1948 844 1971 toto
864 1946 911 1971 illo
936 1948 1100 1980 argumento
1120 1945 1191 1970 iusto
1221 1946 1281 1971 scre
1306 1946 1451 1971 studiosius
1470 1956 1486 1971 a
1505 1947 1599 1971 multis
1617 1948 1757 1981 exagitat·

237 1992 379 2016 moderate
399 1990 575 2023 graviterque
592 1989 720 2015 disseruit
740 1989 772 2014 cl.
791 1989 888 2015 Jahn
905 1990 950 2015 iu.-
968 1989 1145 2016 Jahrb-zebet
1159 1989 1210 2024 fiir
1230 1988 1330 2014 12101101.
1344 1997 1371 2015 ιι.
1387 1988 1496 2026 Pide-31.
1513 1990 1595 2015 XVI.
1611 1991 1638 2016 4.
1651 2000 1680 2026 p.
1694 1992 1756 2018 4138

237 2043 293 2068 sqq.
329 2034 371 2060 Ex
396 2032 489 2058 maltis
511 2034 602 2057 autem
622 2032 716 2057 eadem
739 2032 773 2056 dc
800 2040 831 2056 rc
855 2032 1049 2066 scriptionibus
1079 2040 1168 2066 nuper
1193 2032 1221 2056 in
1246 2031 1385 2065 publicu·
1409 2032 1559 2066 evulgatis,
1586 2034 1709 2067 inpri-ia
1728 2037 1757 2061 et

237 2077 338 2102 salibus
356 2075 492 2110 adspersis
512 2076 541 2101 et
559 2075 643 2100 aui-i
660 2074 777 2109 quada-
796 2074 939 2101 alacritate
965 2076 1108 2109 vultusque
1132 2075 1296 2103 serenitate,
1327 2082 1397 2108 quae
1422 2076 1542 2101 anet-ris
1563 2076 1645 2103 fuisse
1664 2079 1754 2104 existi-

240 2121 337 2145 manda
362 2121 417 2148 eat,
452 2127 495 2144 me
519 2117 667 2145 delectavit
694 2116 805 2144 libellus
830 2117 869 2143 ita
894 2118 1052 2152 inscriptus:
1102 2119 1154 2145 me
1177 2118 1343 2155 Solulsrage
1369 2119 1420 2144 der
1442 2122 1658 2158 qeyenwirtt'qeu
1684 2122 1754 2148 left.

238 2164 293 2189 Eira
315 2163 421 2197 Dialoq.
460 2162 554 2188 Berlin
574 2161 662 2188 1856.
