2008 2818
598 157 1198 199 aaa—*15—

133 280 331 330 praefcrunt
352 284 545 323 personam,
579 269 759 305 acelamare
781 263 954 300 videantur
975 258 1165 295 hominibus
1188 253 1345 291 literatis=
1378 249 1448 286 Hie
1478 248 1576 298 apud
1595 259 1656 282 vos

133 336 217 369 nihil
241 337 296 366 est-
315 329 405 363 aliud
427 326 556 374 quaesti
577 323 723 357 furibus:
763 319 815 353 Ita
842 317 950 351 inanis
973 320 1051 348 sunt
1072 312 1230 358 oppletae
1252 306 1383 352 (aedes)
1399 311 1499 351 atque
1516 301 1658 337 meis.

137 408 173 415 -
200 385 326 430 (Plaut.
347 381 428 416 Aul.
449 380 478 423 1,
499 376 610 422 2,·6.)
913 387 916 390 ⁴

135 457 137 459 v
242 433 316 471 Sed
337 433 504 468 redeo-ad
525 428 744 477 propositum.
787 424 894 458 Erant
920 419 1082 455 nonnulla
1103 430 1123 451 a
1146 416 1188 450 el.
1210 409 1481 454 Smerenhurgio
1509 413 1580 441 tum
1601 406 1656 440 ad-

136 494 250 525 notata
270 492 342 521 tum
364 483 574 532 pronuntiata
596 486 631 515 et
651 480 846 526 praecepta,
866 474 904 507 in
925 472 1047 519 quihus
1068 469 1124 504 vel
1141 468 1334 507 haererem,
1356 463 1413 498 vel
1433 458 1657 499 dissentirem,

138 548 232 583 certe
262 540 383 587 quilius
411 538 448 571 in
475 541 649 580 utramque
679 535 807 577 partem
835 524 1022 561 disserendi
1050 523 1147 568 eopia
1174 521 1262 553 faeta
1285 521 1384 551 esset.
1434 514 1481 547 Et
1510 509 1660 546 oblocuti

140 600 217 629 sunt
244 591 414 627 nonnullis
442 587 593 623 Editoris
622 581 804 619 doctissimi
833 577 1008 613 sententiis
1027 588 1076 610 ae
1099 573 1233 619 legibus
1261 567 1481 617 promulgatis
1502 563 1567 599 viri
1589 561 1660 608 qui-

139 649 215 682 dam
246 644 370 680 eruditi
397 643 433 677 in
462 637 743 687 Ephemeridihus
769 631 940 666 litem-iim
967 640 1117 680 'quorum
1147 637 1247 672 quam
1268 622 1366 670 pauci
1386 620 1443 655 vel
1463 616 1560 653 multi
1583 614 1661 657 sint,

140 700 263 747 quibus
282 709 351 731 non
368 694 477 729 omnia
493 691 694 739 placuerint,
723 684 860 733 quaein
882 679 1214 718 commentariis-illis
1235 675 1467 722 reperiuntur,
1488 681 1552 703 nec
1574 678 1662 702 con»

141 757 274 799 per-tum
296 749 427 790 haheo‚·
443 752 477 780 et
500 746 530 778 si
550 744 726 782 haberem,
745 749 814 771 non
835 735 980 769 multum*
996 734 1038 767 ad
1059 743 1113 766 me
1134 730 1337 777 pertineret:
1367 725 1493 772 quippe
1516 732 1576 755 sua
1597 719 1663 752 eui-

142 817 208 851 que
231 809 266 836 et
287 796 539 845 argumentandi
568 801 603 827 ct
631 790 796 826 statuendi
823 788 907 822 ratio
938 791 1007 828 est,
1051 796 1149 830 qnam
1189 781 1326 815 turbare
1367 783 1424 812 aut
1465 776 1664 821 impugnare

143 855 341 891 invidiosum
370 853 466 885 duco.
528 847 646 892 Itaque
676 841 825 890 quamvis
858 840 894 873 in
926 839 1022 872 aliam
1055 835 1232 870 intendere
1263 833 1379 867 videar
1414 830 1527 870 litem,
1573 835 1665 859 meas

145 915 257 942 tamen
289 917 343 940 me
381 904 491 948 ipsum
533 903 645 944 partes
680 905 780 940 agere
815 902 987 936 meamque
1022 900 1170 922 caussam
1205 885 1388 919 defendere
1430 882 1590 915 censeant
1618 877 1665 909 le-

146 967 274 1001 ctores,
309 968 377 990 non
405 953 545 987 aliorum
574 949 835 996 qualemcunque
866 942 1050 977 doctrinam
1079 938 1327 984 subtiliorisque
1349 933 1476 980 ingenii
1499 929 1663 965 excellen-

148 1014 228 1047 tiam
246 1008 387 1044 adoriri:
415 1007 450 1040 id
473 1004 563 1050 quod
582 1008 653 1036 toto
675 1000 784 1033 animo
807 995 1001 1031 reformido.

257 1062 334 1104 Sic,
355 1065 393 1093 ut
415 1057 493 1092 inde
516 1054 688 1090 exordium
710 1051 852 1097 capiam,
880 1048 917 1082 in
938 1058 1006 1093 quo
1029 1056 1154 1079 summa
1175 1042 1284 1090 posita
1304 1040 1370 1075 ruit
1390 1044 1543 1075 veterum
1564 1033 1666 1069 Gne»

152 1128 268 1153 corum
290 1120 324 1148 et
345 1113 573 1147 Romanorum
593 1105 772 1146 industria,
794 1099 1145 1136 exercitationem
1173 1094 1356 1136 dicendi,
1377 1092 1414 1125 in
1441 1102 1509 1136 qua
1538 1099 1575 1121 se
1597 1097 1667 1119 non

152 1169 311 1205 infitiatur
332 1162 545 1200 mediocriter
569 1171 644 1194 esse
672 1161 840 1192 versatum
862 1158 974 1187 orator
995 1150 1079 1197 Cap.
1100 1149 1129 1193 1,
1154 1149 1186 1183 1.
1208 1143 1499 1189 Stuerenhurgius
1521 1151 1592 1174 non
1615 1149 1666 1171 so·

154 1226 224 1257 lum
245 1225 380 1254 actum
403 1229 474 1250 eam
498 1213 685 1259 significare
708 1207 897 1249 contendit,
926 1206 986 1238 sed
1004 1204 1103 1238 etiam
1137 1201 1397 1240 facultatem,
1427 1207 1546 1243 quam
1568 1191 1668 1238 quis

156 1271 390 1309 exercendo
420 1268 504 1301 sibi
530 1270 637 1312 paratz
670 1263 773 1308 igitur
800 1264 955 1311 nost-runt
979 1257 1122 1302 Ἠώνης
1143 1254 1212 1287 und
1232 1251 1427 1298 Ferlichil.
1479 1244 1669 1280 Mirandum

159 1328 258 1361 ctiam
281 1336 376 1365 esse,
412 1321 503 1355 addit
525 1319 578 1353 vir
600 1316 734 1350 doctiss.
741 1340 752 1358 ‚
781 1312 872 1359 quod
894 1311 1096 1355 interpretes
1119 1308 1161 1341 dc
1182 1308 1244 1340 hae
1265 1305 1369 1338 altera
1390 1301 1482 1336 vocis
1506 1295 1669 1343 significa-

159 1380 251 1413 tione
273 1377 330 1411 vix
350 1375 524 1409 videantur
547 1370 728 1415 cogitasse,
750 1363 947 1412 praesertim
968 1373 1070 1407 quum
1091 1359 1204 1393 Latini
1225 1369 1294 1391 non
1316 1357 1389 1389 fere
1411 1353 1553 1386 habeant
1580 1346 1670 1381 aliud

160 1429 357 1467 vocabulum
377 1426 420 1460 ad
440 1424 610 1458 notionem
631 1422 728 1454 istam
750 1415 1006 1464 exprimendam.
1057 1413 1172 1458 Atque
1195 1412 1279 1443 hane
1300 1406 1449 1442 Editoris
1476 1404 1671 1446 interpreta-

161 1485 289 1519 tionem
313 1492 372 1514 sua
393 1476 587 1513 auctoritate
610 1470 817 1507 confirmavit
843 1468 976 1504 Censor
1003 1464 1180 1499 Halensise
1213 1461 1325 1495 redire
1353 1460 1465 1505 itaque
1491 1454 1559 1489 loci
1587 1451 1673 1485 falso

163 1538 270 1573 adhue
298 1531 453 1579 explicati
481 1527 678 1564 sententiam
708 1536 767 1567 eo,
800 1527 839 1557 nt
866 1520 988 1556 Cicero
1016 1523 1130 1565 aperte
1154 1516 1338 1550 declarasse
1361 1507 1598 1547 existimandus
1620 1503 1675 1545 sit,

139 1610 142 1614 s
166 1589 269 1624 satis
290 1596 471 1630 magnam
494 1594 537 1615 se
568 1579 652 1614 sihi
674 1575 933 1612 conciliasse
955 1570 1126 1606 dicendi
1148 1568 1404 1602 facultatem.
1434 1563 1484 1596 At
1506 1571 1570 1605 ego
1591 1558 1675 1590 hanc

167 1637 426 1682 Stuerenburgii
449 1631 759 1679 interpretationem
780 1639 850 1661 non
871 1625 977 1671 magis
1007 1622 1169 1657 sermonis
1196 1619 1307 1654 Latini
1330 1612 1559 1652 consuetudini
1580 1609 1676 1643 usit*

166 1701 220 1727 tae
242 1698 341 1736 atquc
364 1693 535 1732 receptae,
558 1696 656 1730 quam
678 1680 851 1716 Orationis
873 1679 1023 1722 inceptae
1046 1672 1255 1719 dispositioni
1278 1668 1579 1710 sententiarumque
1601 1672 1678 1696 con·

163 1742 349 1784 vsecutioni,
378 1740 509 1786 qualem
531 1737 641 1771 auimo
663 1733 881 1769 constituerat
901 1734 1033 1771 auctor,
1052 1736 1255 1772 repugnare
1276 1721 1392 1769 paucis
1413 1717 1523 1766 quoad
1543 1713 1618 1749 fieri
1640 1711 1679 1745 li-

170 1803 242 1840 eet,
279 1789 464 1828 ostendam:
497 1799 683 1835 quanquam
712 1788 1001 1829 argumentorum,
1035 1779 1157 1825 quibus
1178 1787 1325 1810 caussam
1346 1784 1452 1807 meam
1474 1766 1680 1816 proh-bilem

171 1849 326 1890 reddam,
349 1844 429 1879 satis
450 1853 569 1887 magna
592 1838 739 1885 suppetit
761 1835 868 1882 copia.
896 1833 1013 1880 Itaque
1034 1831 1176 1878 primum
1194 1828 1328 1875 quidem
1344 1821 1586 1859 adhaerendum
1605 1826 1680 1851 esse

173 1908 254 1949 puto
277 1897 407 1932 notioni
428 1895 480 1928 illi
500 1893 693 1932 universae,
726 1900 822 1934 quam
845 1888 923 1931 lege
945 1885 1084 1930 quadam
1105 1881 1286 1925 antiquitus
1309 1878 1430 1922 scripta
1452 1881 1485 1907 et
1508 1873 1681 1905 observata

168 1956 285 1989 inesse
306 1943 668 1991 videmflenominibus
689 1938 879 1975 verbalibus
900 1938 936 1971 in
958 1936 1020 1970 tio
1042 1932 1240 1968 exeuntibus
1266 1935 1339 1973 aut,
1367 1939 1450 1974 quac
1473 1925 1550 1958 huic
1571 1919 1683 1956 termi-

176 2005 302 2042 nationi
323 2001 443 2037 adfinis
464 2005 532 2041 est,
554 1997 638 2039 sio,
658 1994 794 2029 omuino
817 2003 871 2033 ea,
893 2002 958 2036 qua
980 1989 1113 2022 illorum
1134 1984 1371 2020 vocabulorum
1393 1994 1412 2014 a
1429 1977 1570 2024 Supinis
1587 1975 1685 2007 ducta

171 2060 274 2106 origo
297 2055 417 2102 cuique
439 2054 603 2100 appareat.
646 2046 760 2081 Habet
786 2048 896 2078 autem
922 2042 988 2075 hoe
1016 2039 1184 2085 singulare
1206 2041 1241 2070 et
1262 2035 1435 2082 proprium
1463 2040 1572 2064 sermo
1595 2025 1686 2060 Lati-

174 2126 262 2154 nus,
300 2108 391 2156 quod
411 2107 475 2141 toti
496 2105 548 2139 illi
568 2100 803 2137 vocabulorum
824 2094 941 2142 generi
964 2093 1109 2140 speeiem
1138 2089 1306 2136 impressit
1332 2085 1492 2132 temporis
1516 2077 1687 2128 praeteriti

181 2178 222 2200 eo
245 2165 337 2210 ipso,
371 2159 461 2207 quod
481 2158 524 2191 ad
545 2152 696 2200 Supini
724 2151 862 2184 formam
889 2147 1022 2180 nomina
1049 2145 1112 2178 ista
1141 2142 1252 2187 effingi
1281 2140 1395 2174 voluit.
1450 2137 1571 2169 Nonne
1599 2131 1689 2164 enin

182 2215 356 2264 Supini,
378 2208 588 2259 quantumvis
608 2205 699 2243 varie
721 2201 847 2239 definiti
868 2212 908 2236 ac
927 2197 1103 2245 descripti,
1125 2196 1231 2230 forma
1250 2198 1386 2228 externa
1404 2189 1519 2225 eadem
1536 2190 1589 2221 est
1606 2193 1690 2230 quae
