2008 2818
742 81 1340 119 mlii——

271 189 418 236 pretatio
431 187 620 222 contortior
629 187 797 228 videatur,
820 198 918 231 quam
931 186 983 219 eui
995 185 1072 230 quis
1089 184 1190 217 iidem
1207 184 1328 217 habeat
1345 190 1402 217 aut
1419 186 1613 219 adh-erent:
1650 184 1703 217 bis
1722 184 1810 217 aliis-

274 254 342 288 que
359 240 640 286 suspicacioribus
651 239 763 272 locum
779 239 925 272 iudicare
949 238 1063 279 liccat,
1086 248 1155 281 quo
1173 235 1229 270 vix
1246 235 1337 269 aliud
1355 236 1462 269 ullum
1478 242 1710 282 argumentum
1729 236 1809 271 vali-

274 295 349 326 dius
385 293 620 337 efficaciusque
652 291 812 325 invenias.
877 290 1052 335 Leguntur
1076 288 1163 334 apud
1188 286 1390 322 Ciceronem
1411 287 1449 321 iu
1471 287 1637 323 Oratione
1658 301 1722 335 pro
1744 288 1812 333 leg.

274 344 392 379 Manil.
404 358 433 379 e.
451 345 483 378 1.
494 346 592 377 haee:
616 344 739 385 „Nunc
757 356 858 389 quum
878 348 911 375 et
922 341 1127 376 auctoritatis
1137 341 1173 373 in
1195 352 1248 373 me
1263 345 1392 373 tantum
1412 340 1473 383 sit,
1496 346 1656 386 quantum
1674 353 1736 376 vos
1754 341 1811 374 ho-

273 398 416 431 noribus
433 396 630 431 mandandis
648 408 723 430 esse
743 396 896 430 voluistis
926 400 960 428 et
982 395 1023 427 ad
1043 394 1207 439 agendum
1229 393 1456 426 facultatis
1479 398 1631 436 tantum,
1650 400 1811 440 quntum

276 450 404 484 homini
427 449 580 495 vigilanti
604 461 646 482 ex
674 448 804 482 forensi
840 460 903 482 usu
931 459 1036 493 prope
1065 445 1311 491 quotidiana
1343 445 1521 479 dicendi
1550 447 1811 481 exercitatio

275 504 386 548 potuit
408 504 549 539 afferre,
585 507 678 534 certe
702 507 736 534 et
760 501 788 533 si
811 501 891 547 quid
913 499 1117 533 auctoritatis
1139 499 1173 532 in
1196 510 1248 531 mc
1272 503 1341 540 est,
1376 509 1415 531 ea
1437 497 1527 543 apud
1550 509 1610 531 eos
1631 503 1723 542 utar,
1753 498 1813 544 qui

278 568 351 589 cam
375 555 457 589 mihi
481 554 666 597 dederunt3
701 559 735 587 et
759 553 787 586 si
810 553 891 599 quid
913 552 1012 585 etiam
1036 551 1177 585 dicendo
1201 551 1361 596 consequi
1383 562 1541 595 possum,
1570 551 1614 583 iis
1638 551 1811 584 ostendam

276 608 506 654 potissimum,
542 606 601 651 qui
635 606 667 639 ei
700 617 835 651 quoque
871 605 923 639 rei
955 605 1102 638 fructum
1137 615 1196 637 suo
1229 603 1352 637 iudicio
1381 603 1598 637 tribuendum
1630 615 1705 637 esse
1735 615 1812 637 een-

279 661 453 694 suerunt.“
481 680 514 685 -
542 658 606 691 Est
628 664 738 691 autem
762 659 829 691 tale
852 658 1062 702 exemplum,
1088 657 1238 703 quamvis
1259 669 1381 699 unum,
1408 668 1472 702 pro
1495 652 1633 699 multis,
1660 667 1813 702 praeser-

277 714 340 747 tim
371 723 474 759 quum
503 716 573 744 tota
601 709 720 744 Oratio
750 709 807 742 illa
838 715 904 743 tam
935 709 1107 754 eleganter
1136 715 1170 742 et
1192 715 1332 744 venuste
1354 710 1538 755 composita
1561 709 1622 752 sit,
1651 714 1812 755 tantaque

279 764 452 809 diligentia
470 769 505 796 et
523 774 601 796 eura
618 762 795 802 adornata,
818 766 855 794 ut
876 773 979 806 quum
996 762 1173 795 universae
1196 762 1398 805 sententiae,
1418 767 1489 796 tum
1509 761 1642 807 singula
1658 772 1811 808 quaeque

279 816 380 851 verba
408 827 483 849 cum
511 814 644 847 delectu
673 819 707 847 et
735 813 860 847 iudicio
890 826 910 847 a
939 813 1107 847 Cicerone
1138 821 1297 860 usurpata
1324 820 1424 860 atque
1458 815 1632 848 enunciata
1659 814 1812 847 habenda

278 869 355 901 sint.
400 867 510 899 Totus
533 878 615 899 vero
645 865 704 899 ille
733 865 829 898 locus
858 870 925 898 tam
954 867 1074 910 planus
1104 870 1155 899 est
1184 871 1284 911 atque
1313 867 1529 912 perspicuus,
1567 872 1601 899 et
1630 867 1710 912 quid
1732 866 1812 899 inde

277 926 413 953 nostrae
446 930 563 952 causae
594 918 801 950 auctoritatis
829 918 1026 962 adiungatur
1055 923 1088 951 ct
1118 918 1337 962 firmamenti,
1371 923 1439 953 tam
1467 918 1505 953 iu
1533 924 1649 966 aperto
1673 924 1741 961 est,
1775 924 1812 952 ut

278 972 440 1018 ampliore
471 971 755 1004 demonstratione
786 983 855 1003 non
887 976 994 1015 egeat.
1044 971 1162 1017 ltaque
1192 971 1290 1004 aliam
1321 972 1583 1017 Stucrenburgii
1612 971 1812 1005 sententiam

278 1030 409 1058 tentare
438 1024 556 1067 liceat,
590 1036 609 1056 a
639 1036 705 1070 qua
732 1024 894 1057 recedere
918 1023 972 1057 vel
1002 1024 1209 1069 experientia
1231 1024 1360 1058 iubeor.
1421 1024 1581 1066 Latinos,
1614 1025 1661 1057 ait
1682 1024 1735 1058 vir
1754 1024 1812 1057 do-

278 1078 446 1110 ctissimus
469 1089 501 1121 p.
525 1076 586 1109 25.
609 1088 679 1108 non
700 1076 777 1108 fere
799 1076 925 1108 habere
943 1077 1032 1109 aliud
1054 1076 1249 1109 vocabulum
1272 1076 1314 1109 ad
1342 1075 1514 1110 notionem
1544 1075 1655 1110 nostri
1695 1076 1812 1119 „Fer-

277 1129 413 1176 ttykeff‘
437 1128 705 1173 significandam,
728 1134 863 1173 praeter
885 1129 984 1170 illud,
1007 1129 1049 1161 de
1072 1141 1138 1174 quo
1162 1130 1286 1162 dictum
1309 1135 1377 1172 est,
1409 1128 1666 1162 exercitationis.
1711 1129 1812 1163 Mira-

277 1183 358 1224 bar,
382 1193 484 1227 quum
506 1181 652 1226 primum
673 1182 757 1214 haee
771 1181 815 1213 ita
837 1181 979 1214 iudicata
1000 1182 1167 1225 legerem,
1190 1181 1271 1226 quid
1293 1187 1404 1224 esset,
1425 1182 1515 1227 quod
1532 1182 1585 1215 vir
1604 1181 1740 1215 doctiss.
1751 1193 1811 1214 no-

278 1234 381 1266 tionis
403 1233 495 1265 iuius
519 1233 679 1267 vocabula
702 1233 908 1266 desideraret
931 1234 1067 1278 propria
1089 1246 1126 1267 ac
1149 1233 1387 1278 significantia,
1427 1246 1529 1280 quum
1553 1233 1676 1268 Cicero
1699 1234 1736 1267 in
1760 1246 1812 1267 ea-

280 1287 358 1320 dem
380 1286 439 1319 illa
462 1286 559 1320 Orat.
583 1298 615 1331 p.
638 1285 706 1331 lcg.
723 1286 839 1320 Manil.
863 1298 891 1321 e.
908 1287 966 1319 17.
990 1298 1148 1320 summam
1178 1287 1307 1332 copiam
1330 1299 1368 1320 ac
1397 1286 1664 1332 singularem
1686 1287 1813 1320 facul-

278 1345 411 1373 tatem
434 1339 609 1372 dicendi
633 1339 679 1383 Q.
701 1339 881 1371 Hortensii
901 1339 1101 1383 laudaverit3
1125 1339 1178 1372 eui
1201 1351 1335 1385 compar
1358 1345 1411 1372 cst
1432 1339 1527 1373 locus
1550 1351 1579 1373 c.
1599 1337 1656 1372 14.
1679 1338 1737 1372 ubi
1760 1338 1813 1372 di-

281 1391 408 1426 cendi
438 1390 650 1437 gravitate
682 1397 716 1424 et
744 1391 865 1436 copia
893 1391 1036 1425 valuisse
1063 1391 1245 1437 Pompeius
1266 1392 1487 1437 praedicatur.
1532 1392 1633 1424 Adde
1656 1391 1734 1425 vim
1757 1391 1812 1424 di—

282 1444 410 1478 cendi
433 1449 467 1476 ct
490 1443 654 1475 firmam
676 1443 766 1476 illam
789 1443 998 1486 facilitatem,
1022 1455 1120 1489 quam
1134 1443 1380 1489 Quinctilianus
1398 1444 1434 1478 in
1457 1449 1590 1478 oratore
1614 1455 1688 1478 esse
1707 1443 1813 1478 voluit

280 1496 393 1530 Instit.
415 1496 462 1538 X,
487 1496 519 1528 1.
545 1496 577 1529 1.
599 1496 654 1529 Ne
677 1496 794 1528 multa:
817 1496 910 1541 pleni
927 1501 1004 1528 sunt
1026 1501 1176 1530 veterum
1200 1497 1401 1542 scriptorum
1422 1496 1502 1530 libri
1526 1497 1677 1530 locorum
1700 1502 1735 1529 et
1758 1510 1813 1530 ex-

281 1549 488 1593 emplorum,
511 1548 634 1592 quibus
658 1549 739 1580 solis
761 1549 836 1580 luce
859 1548 982 1581 elarius
1004 1554 1175 1594 appareat,
1209 1554 1366 1594 quantum
1390 1549 1477 1582 inter
1500 1560 1537 1583 se
1559 1548 1684 1582 distent
1703 1548 1812 1582 dieen-

282 1601 317 1634 di
339 1600 480 1634 facultas
504 1605 538 1633 ct
561 1599 775 1633 exercitatio=
800 1612 938 1645 quarum
963 1601 1097 1645 quidem
1121 1602 1203 1633 haee
1224 1601 1409 1642 antecedit,
1437 1601 1496 1633 illa
1518 1612 1728 1647 consequens
1750 1606 1812 1637 est.

281 1654 337 1686 De
358 1653 412 1685 his
434 1652 547 1698 itaque
572 1652 652 1685 satis
676 1663 845 1698 superque
868 1652 993 1685 dictum
1017 1657 1105 1686 esto:
1127 1652 1169 1686 ad
1185 1652 1220 1686 id
1237 1652 1303 1686 iam
1320 1653 1480 1698 procedat
1497 1654 1693 1698 disputatio,
1717 1655 1809 1699 quod

280 1712 455 1751 postremo
479 1710 596 1738 contra
618 1704 822 1736 monendum
844 1704 1028 1738 videbatur.
1072 1704 1212 1738 Scilicet
1244 1705 1346 1738 totius
1375 1705 1443 1739 loci
1465 1710 1637 1748 tenorem,
1671 1718 1690 1739 a
1713 1705 1811 1740 Cice·

283 1769 369 1790 rone
393 1762 573 1797 servatum,
597 1768 671 1789 cum
697 1767 771 1788 esse
794 1756 923 1797 iudico,
946 1768 965 1788 a
988 1768 1054 1802 quo
1079 1756 1423 1801 exercitationis,
1445 1758 1512 1792 boe
1533 1763 1601 1801 est,
1637 1757 1707 1793 sive
1730 1770 1811 1792 usus

280 1809 446 1852 forensis,
471 1809 541 1843 sive
566 1809 674 1854 qualis
698 1821 773 1841 csse
798 1809 927 1841 solebat
949 1809 983 1841 in
1007 1809 1129 1841 scholis
1152 1810 1338 1853 rhetorum,
1366 1811 1491 1844 mentio
1513 1822 1552 1845 ae
1573 1821 1810 1846 commemora-

280 1863 328 1896 tio
352 1863 471 1896 abesse
495 1860 675 1908 nequibat,
698 1860 765 1894 nisi
794 1860 869 1907 quis
892 1861 1065 1894 iactantius
1088 1867 1121 1895 ct
1143 1862 1341 1897 insolentius
1364 1863 1585 1907 Ciceronem,
1619 1876 1718 1909 quam
1740 1876 1810 1899 mo·

283 1915 412 1949 destius
430 1921 464 1947 et
482 1915 609 1947 cautius
626 1914 813 1947 orationem
831 1926 985 1947 exorsum
1006 1926 1080 1948 esse
1098 1920 1202 1961 putet.
1253 1915 1312 1949 Au
1342 1916 1517 1962 probabile
1545 1919 1684 1950 censeas
1707 1923 1809 1963 atque

281 1967 420 2013 ingenio
444 1966 622 2001 Ciceronis
645 1973 925 2008 consentaneum,
949 1968 1038 2012 quod
1056 1967 1179 2001 sactum
1201 1969 1292 2002 foret
1314 1969 1457 2002 admissa
1474 1969 1530 2002 illa
1548 1968 1809 2016 Stuerenburgii

280 2019 575 2067 interpretatione,
600 2025 637 2053 ut
656 2032 749 2053 suam
765 2019 898 2053 dicendi
916 2019 981 2053 vim
999 2025 1033 2053 et
1047 2020 1237 2055 facultatem
1255 2027 1332 2054 ante
1348 2022 1502 2055 laudasse
1517 2022 1689 2065 videatur,
1710 2035 1808 2070 quam

282 2074 403 2107 rationi
426 2078 461 2106 et
484 2073 674 2115 doetrinae,
699 2084 764 2118 qua
788 2083 868 2104 usus
892 2078 981 2114 crat,
1005 2073 1148 2107 debitam
1171 2074 1310 2118 gratiam
1333 2073 1513 2107 retulisse?
1534 2073 1612 2119 Ipsa
1635 2075 1723 2110 enim
1745 2076 1809 2110 ista

283 2126 416 2159 dicendi
438 2126 490 2160 vis
514 2131 548 2159 et
570 2125 711 2159 facultas
734 2136 847 2157 nonne
870 2125 1105 2160 exercitatione
1122 2126 1242 2160 nititur
1260 2137 1365 2173 aeque
1385 2139 1423 2161 ac
1441 2126 1590 2162 doctrina
1603 2133 1638 2163 ct
1654 2128 1809 2164 ratione?
