2008 2818
1046 97 1101 136 12
1208 112 1210 114 ,

312 205 431 239 tationi
459 206 495 238 in
524 204 635 238 auimo
664 211 716 238 est
755 205 827 237 aliis
850 205 1045 249 quibusdam
1068 204 1358 237 observationibus
1377 202 1508 237 iamiam
1530 203 1693 237 lectorum
1716 201 1841 236 iudicio

313 257 556 303 proponendis.
603 256 826 291 Occasionem
849 256 940 290 dedit
969 256 1145 291 Ciceronis
1172 256 1279 290 oratio
1312 265 1377 302 pro
1413 256 1542 290 Archia
1569 257 1611 292 P.
1634 268 1653 290 a
1675 255 1839 290 Stueren-

315 310 437 355 burgio
460 311 576 356 paucis
598 312 718 344 abhinc
741 311 836 343 annis
858 310 893 343 iu
910 311 1018 343 lucem
1042 311 1144 351 edita,
1186 309 1282 343 novis
1305 320 1409 354 quum
1430 307 1567 342 criticae
1588 313 1661 342 tum
1683 318 1842 353 gramma—

314 362 401 396 ticae
425 363 650 396 adnotationis
674 363 780 409 copiis
802 367 900 407 atque
922 361 1098 407 praesidiis
1120 362 1286 395 adornata.
1332 359 1430 406 Quae
1452 360 1589 406 quidem
1612 361 1737 402 oratio,
1773 372 1841 393 om-

315 415 416 448 nibus
445 416 521 449 fere
543 428 562 449 a
584 415 692 461 prima
719 415 798 448 iude
826 415 968 460 pueritia
996 414 1186 447 hominibus
1214 413 1355 447 literatis
1382 412 1517 457 cognita
1538 423 1577 446 ac
1613 424 1722 459 prope
1751 413 1842 445 inter

315 467 498 500 familiares
520 473 675 513 recepta,
709 467 785 512 quis
808 466 897 499 enim
920 471 989 508 est,
1023 479 1121 512 quem
1144 465 1308 512 piguerit,
1346 464 1540 499 memoriter
1564 476 1636 498 eam
1657 466 1714 499 vel
1735 469 1840 499 totam

316 520 372 553 vel
395 532 437 553 ex
458 525 554 565 parte
577 526 695 553 tenere
718 532 756 553 ac
780 531 877 564 saepe
902 519 1113 553 corroborata
1137 520 1234 552 etiam
1262 523 1368 551 aetate
1391 522 1504 550 mente
1534 517 1761 563 memoriaque
1788 528 1841 550 re-

318 571 456 605 colere?
479 583 549 604 non
572 571 681 617 potuit
703 583 772 604 non
794 582 903 604 meum
926 583 1058 617 quoque
1081 571 1223 604 animum
1246 571 1464 616 compellere,
1498 575 1536 603 ut
1558 580 1644 616 quae
1665 580 1752 603 nova
1773 569 1842 615 pri-

319 624 438 657 oribus
482 624 730 658 commentariis
758 623 969 657 doctissimus
993 623 1100 657 editor
1122 624 1322 657 adstruxerit
1346 622 1532 656 subtilioris
1554 621 1842 667 interpretationis

320 676 470 710 subsidia
493 682 527 709 et
548 676 766 717 adminicula,
795 687 1035 720 cognoscerem
1058 682 1092 709 et
1115 677 1339 722 explorarem,
1373 674 1573 721 praesertim
1594 685 1698 720 quam
1721 673 1842 707 doetis-

321 728 483 762 simorum
511 728 719 774 quorundam
745 727 896 761 virorum
922 728 1045 762 iudicio
1073 740 1193 762 recens
1220 728 1303 761 baec
1332 727 1368 760 in
1403 727 1460 761 illa
1492 726 1643 760 oratioue
1679 726 1841 760 collocata

321 792 425 826 opera
448 786 481 814 et
504 793 583 814 cura
605 781 660 814 vel
682 780 718 812 in
740 780 858 825 primis
881 781 1093 825 comprobata
1116 786 1216 814 esset.
1264 780 1386 825 Neque
1407 791 1461 812 me
1484 790 1557 812 mea
1578 778 1694 825 opinio
1716 778 1843 818 fefellit

319 838 420 878 atque
444 832 662 878 exspectatioz
686 832 826 866 mirifice
849 832 937 865 enim
961 845 1014 865 me
1039 832 1236 866 delectatum
1259 844 1333 866 esse
1362 843 1464 877 quum
1491 831 1597 877 prima
1624 836 1694 863 tum
1722 831 1841 864 iterata

320 883 646 918 Commentariorum
668 884 914 917 uberrimorum
936 884 1096 925 lectione,
1143 889 1176 916 et
1198 884 1354 917 lubenter
1380 883 1557 926 confiteor,
1600 894 1709 929 neque
1733 883 1842 917 erudi-

320 942 432 969 torum
454 937 625 969 homiuum
648 948 845 982 quemqnam
869 948 944 969 esse
966 942 1064 982 puto,
1087 936 1144 982 qui
1167 941 1275 969 tautae
1298 941 1431 982 umque
1453 936 1629 969 continuae
1652 936 1790 969 editoris
1808 940 1843 969 et

323 988 509 1022 assiduitati
544 1001 582 1021 ac
620 989 814 1032 diligentiae
844 994 876 1021 et
911 989 1082 1021 subtilitati
1105 993 1157 1030 et,
1203 988 1293 1034 qnod
1315 989 1370 1022 vel
1392 988 1533 1022 maxime
1555 987 1735 1022 admiratus
1758 999 1843 1030 sum,

322 1053 401 1075 eum
429 1040 598 1074 Cicerone
629 1040 763 1074 intimae
793 1040 829 1073 in
859 1040 930 1086 ipsa
957 1040 1013 1074 illa
1042 1040 1186 1073 solitaria
1214 1040 1346 1073 scholae
1373 1040 1551 1073 Portensis
1580 1040 1774 1074 celebritate
1804 1059 1837 1064 —

321 1092 536 1126 familiaritati
560 1093 661 1125 initae
684 1093 804 1126 iustam
827 1105 865 1126 ae
888 1092 1033 1126 debitam
1055 1092 1210 1126 tribuerit
1231 1092 1371 1125 laudem.
1416 1092 1487 1138 Qui
1507 1092 1614 1136 enim,
1643 1093 1689 1127 ita
1710 1103 1842 1127 meeum

322 1144 527 1189 cogitabam,
561 1156 672 1190 neque
696 1145 831 1188 dubito,
866 1145 946 1191 quin
969 1146 1090 1178 multos
1112 1145 1247 1181 habeam
1270 1145 1351 1179 mibi
1379 1147 1614 1190 suffragantes,
1648 1151 1842 1191 praecepto·

322 1209 398 1231 rum
422 1197 615 1241 diligentiae
639 1203 673 1230 et
696 1198 866 1230 doctrinae
889 1198 1006 1230 iustior
1029 1198 1226 1243 digniorque
1255 1198 1406 1230 redditur
1433 1199 1555 1240 bonos,
1591 1210 1690 1243 quarn
1721 1198 1843 1243 quibus

323 1249 464 1293 contigit
488 1250 572 1281 tales
594 1250 749 1282 babuisse
773 1250 966 1295 discipliuae
989 1251 1153 1292 alumnos,
1170 1251 1313 1296 taliaque
1333 1251 1374 1283 ad
1398 1250 1504 1283 studia
1525 1250 1603 1284 illos
1621 1251 1675 1284 vel
1692 1250 1843 1284 adduxis-

322 1313 359 1334 se
382 1301 437 1335 vel
459 1301 640 1335 incitasse?
669 1301 766 1346 Quae
788 1302 944 1336 iuvenilis
966 1302 1080 1335 aetatis
1103 1308 1285 1336 transactae
1308 1302 1495 1336 recordatio
1519 1302 1651 1336 suavior
1673 1308 1772 1348 atque
1795 1302 1843 1335 iu-

324 1353 467 1387 cundior
490 1365 564 1386 esse
587 1359 716 1398 potest,
755 1366 853 1398 quam
876 1366 960 1399 quae
982 1359 1048 1387 tam
1070 1355 1207 1387 maturis
1228 1359 1361 1400 tamque
1384 1354 1536 1388 dulcibus
1559 1365 1681 1399 operae
1702 1354 1739 1388 in
1762 1354 1844 1400 opti-

324 1417 452 1438 marum
475 1405 647 1438 literarum
671 1405 791 1438 studiis
814 1405 984 1450 impensae
1007 1406 1169 1439 excitatur
1191 1406 1357 1439 fructibus
1380 1418 1481 1452 quum
1504 1406 1672 1448 collectis,
1707 1412 1778 1439 tum
1801 1418 1843 1440 ex

324 1469 407 1501 agro
431 1469 599 1502 nunquam
622 1457 717 1502 quasi
740 1457 931 1490 remittente
954 1457 995 1502 'iu
1016 1457 1087 1490 dies
1110 1457 1308 1503 colligendis
1338 1458 1572 1492 uberioribus?
1611 1459 1662 1492 Ita
1692 1459 1843 1505 quemad-

324 1509 462 1543 modum
485 1508 703 1552 Ciceronem,
727 1509 805 1544 dum
826 1509 974 1544 Archiae
997 1523 1145 1545 caussam
1168 1512 1351 1544 defendere
1373 1511 1561 1554 videbatur,
1584 1511 1755 1545 literarum
1776 1512 1843 1545 lau-

326 1563 387 1594 des
416 1567 450 1594 et
480 1562 675 1606 dignitatem
704 1562 912 1606 praedicasse
942 1563 997 1595 vel
1025 1562 1190 1596 tironibus
1220 1563 1390 1608 cognitum
1420 1569 1472 1597 est
1500 1569 1600 1610 atque
1629 1575 1692 1609 per
1726 1575 1843 1598 manus

326 1613 422 1659 quasi
443 1614 617 1655 traditum,
652 1613 699 1646 sie
723 1613 896 1658 egregium
917 1614 1013 1647 illum
1035 1614 1292 1659 Stuerenburgii
1322 1616 1444 1649 librum
1465 1616 1640 1661 praeconis
1662 1617 1767 1649 instar
1788 1618 1842 1650 ba-

325 1666 409 1707 beo,
433 1677 502 1698 non
518 1665 625 1709 magis
643 1665 805 1698 sinceram
830 1677 909 1709 erga
928 1666 1104 1709 magistros
1119 1666 1292 1710 pictatem,
1320 1678 1416 1713 quam
1435 1667 1678 1702 meritissimam
1698 1669 1842 1712 scholae,

326 1717 380 1750 eui
405 1728 497 1750 suam
519 1718 577 1749 ille
605 1722 775 1762 acceptam
803 1716 909 1758 refert
936 1717 1174 1751 institutionem
1203 1723 1301 1763 atque
1331 1720 1531 1762 doctrinam,
1564 1721 1684 1754 famam
1710 1733 1749 1755 ae
1777 1723 1843 1755 lau-

325 1769 403 1801 dem
433 1769 646 1802 celebrantis.
698 1770 799 1801 Tales
826 1769 862 1800 iu
890 1780 1005 1801 manus
1034 1781 1101 1802 non
1132 1770 1230 1802 modo
1261 1776 1390 1804 sumant
1411 1771 1498 1806 bona
1520 1773 1588 1807 lide
1612 1773 1842 1809 adolescentes

324 1820 450 1863 libros,
485 1821 545 1853 scd
567 1826 720 1864 versent,
756 1820 925 1866 exagitent
946 1826 1062 1867 atque,
1104 1822 1132 1855 si
1160 1835 1258 1868 quem
1287 1824 1328 1857 ad
1356 1836 1466 1858 veram
1489 1826 1723 1859 humanitatem
1747 1839 1843 1861 snum

330 1874 399 1906 fert
421 1873 593 1917 ingenium
617 1874 845 1917 studiumque,
867 1873 909 1904 ad
930 1873 1120 1906 imitandum
1143 1874 1206 1907 sibi
1229 1881 1415 1920 proponant
1430 1876 1545 1910 velim:
1567 1877 1689 1911 talibus
1710 1880 1846 1914 assidui-

326 1924 405 1957 tatis
428 1929 527 1969 atque
549 1924 677 1968 ingenii
699 1924 922 1958 monumentis
944 1925 1089 1958 refutent
1116 1926 1300 1961 liberalium
1323 1928 1443 1962 artium
1466 1930 1604 1963 studiosi
1627 1935 1844 1967 mercenario-

326 1988 403 2010 rum
418 1973 662 2010 'nonnullorum
685 1977 856 2010 hominnm
880 1978 1135 2011 obtrectationes
1163 1985 1197 2012 et
1226 1981 1468 2023 cavillationes,
1503 1982 1597 2027 quasi
1626 1983 1734 2017 literis
1766 1997 1842 2032 ope-

324 2041 397 2062 ram
419 2041 541 2061 navare
564 2034 598 2061 et
619 2029 727 2062 sutilia
748 2034 890 2063 tractare
912 2041 980 2063 non
1001 2030 1138 2065 multum
1165 2031 1254 2066 inter
1283 2044 1319 2067 se
1347 2032 1480 2069 distent.
1526 2033 1665 2070 Scilicet
1691 2049 1760 2071 non
1788 2039 1843 2072 dc-

327 2087 421 2125 sunt,
453 2093 539 2128 quos
574 2094 676 2129 quum
710 2082 820 2116 omnia
847 2083 1014 2116 bominum
1042 2096 1141 2129 opera
1171 2091 1205 2117 et
1230 2086 1317 2118 saeta
1346 2098 1388 2118 ex
1417 2098 1493 2119 aere
1524 2088 1630 2121 solido
1657 2081 1841 2123 aestumare

327 2135 578 2176 consueverint,
613 2146 653 2167 eo
676 2135 764 2168 serat
787 2134 887 2167 animi
910 2140 1018 2168 tumor
1045 2141 1079 2169 et
1100 2136 1224 2180 fastus,
1257 2141 1294 2171 ut
1317 2137 1394 2172 dum
1417 2150 1486 2173 non
1507 2138 1637 2184 Plauti,
1667 2142 1726 2177 sed
1748 2142 1839 2177 Pluti
