2008 2818
767 93 1372 134 ..n—aio*

303 202 426 236 artium
457 208 490 236 et
521 201 772 248 disciplinarum
802 201 1010 247 quantumvis
1038 200 1169 234 diversa
1199 212 1323 245 genera
1345 211 1413 233 uno
1445 202 1631 248 eodemque
1654 201 1836 235 humanita-

305 256 351 288 tis
372 255 515 300 perinde
541 260 643 300 atque
665 255 816 288 utilitatis
838 254 971 287 vinculo
995 253 1176 296 contineri3
1204 265 1243 286 ac
1266 253 1340 286 fere
1362 253 1516 287 faciliore
1537 266 1629 288 nune
1652 259 1685 288 et
1709 253 1838 300 sapien-

305 307 373 341 tius
402 312 590 353 temperata
619 308 749 341 ratione
778 308 893 341 literas
921 305 1033 340 doceri
1061 311 1096 338 et
1124 305 1289 347 enarrari,
1330 317 1400 340 non
1428 310 1558 340 temere
1588 313 1644 341 aut
1669 307 1778 341 sabito
1801 312 1837 340 et

306 359 429 405 raptim
449 360 621 393 mentibus
642 360 843 395 iuvenilibus
864 358 1039 392 inculcari:
1078 362 1266 403 postremo,
1306 358 1349 390 ad
1375 369 1513 390 examen
1543 359 1603 392 uhi
1624 364 1762 393 ventum
1784 363 1837 392 est

306 412 499 458 publicum,
534 424 603 446 uon
627 417 758 447 secreta
780 417 877 458 atque
900 423 1037 453 areana,
1070 421 1179 456 neque
1201 410 1371 455 incognita
1391 415 1449 443 ant
1471 410 1595 454 aliena,
1630 412 1691 446 sed
1713 412 1771 445 diu
1793 417 1839 444 ab·

309 477 376 510 que
400 465 561 499 continuo
584 466 704 498 tradita
728 470 762 497 et
784 465 944 508 explicata
966 476 984 495 a
1008 463 1166 495 studiosis
1188 462 1351 494 bonarum
1380 462 1501 493 artium
1531 465 1642 508 repeti
1665 468 1765 510 atque
1787 474 1840 496 re·

312 516 412 563 quiri.
457 516 591 562 Nempe
613 516 819 563 publicarum
848 515 958 561 legum
992 514 1168 549 severitate
1194 514 1349 548 resarciri
1379 526 1418 548 ae
1445 515 1594 559 reparari
1622 516 1773 561 potuisse
1802 528 1840 549 ae

313 570 473 602 debuisse
497 570 600 603 eredo
624 571 797 611 damnum,
833 581 893 614 per
920 569 1081 601 laxiorem
1111 568 1318 612 disciplinam
1346 567 1561 599 domesticam
1584 567 1750 601 iuventuti
1773 572 1841 600 stn-

314 621 427 654 diosae
452 621 599 667 illatum3
628 627 721 656 eerte
737 621 1004 683 praecavendum
1027 625 1117 664 erat,
1152 632 1195 654 ne
1217 625 1284 654 tam
1303 619 1397 654 multi
1418 619 1568 666 imperiti
1591 625 1625 654 et
1648 620 1841 667 impruden-

315 739 379 773 per
406 727 593 761 socordiam
620 727 722 761 vitam
749 726 975 771 transigerent
1003 726 1044 759 ad
1073 737 1245 772 suamque
1258 724 1324 771 ipsi
1346 724 1529 771 perniciem
1551 725 1754 773 praecipites
1775 725 1843 760 fer-

317 785 446 814 rentur.
499 779 616 825 ltaque
639 784 792 812 nostrum
813 791 880 812 non
902 779 1007 823 magis
1030 790 1130 824 qnam
1151 784 1327 824 pareutum
1349 778 1453 819 duco,
1487 778 1626 812 iuvenes
1651 778 1842 812 scholaram

320 832 516 877 disciplinae
537 831 688 864 addictos
711 843 848 864 monere
873 836 906 864 et
929 831 1112 873 cohortari,
1146 836 1183 863 ut
1210 830 1340 864 viribus
1361 835 1516 875 parcant,
1553 842 1597 863 ne
1626 842 1749 876 corpus
1776 830 1844 863 aui·

318 895 477 929 mumque
501 883 714 925 effeminent,
743 894 828 917 neve
849 884 943 916 malis
964 882 1112 916 luxuriae
1134 882 1377 927 libidinumque
1403 882 1545 915 venenis
1573 882 1666 915 intiei
1695 894 1741 915 se
1759 882 1844 928 pati-

321 941 436 968 antur:
470 935 572 967 immo
595 934 831 967 Nasiraeorum
868 935 971 967 instar
994 934 1078 968 vitae
1107 945 1181 967 sese
1204 934 1324 966 dedant
1346 933 1514 967 solitariae
1536 934 1642 980 magis
1665 946 1764 981 quam
1784 935 1845 968 eir·

326 987 577 1028 eumforaneae,
612 993 722 1020 castae
745 987 858 1033 potius
879 993 913 1020 et
936 988 1073 1032 frugali,
1106 999 1204 1032 quam
1227 986 1387 1019 delicatae
1410 991 1444 1019 et
1466 987 1691 1032 voluptariae,
1724 984 1845 1033 parcae

323 1040 430 1083 magis
453 1051 490 1071 ae
514 1039 625 1079 tenui,
649 1050 748 1082 quam
772 1040 947 1083 opulentae
971 1045 1004 1071 et
1026 1039 1171 1071 lautiori:
1195 1038 1330 1070 omnino
1348 1043 1385 1070 ut
1408 1037 1542 1071 scholae
1560 1038 1697 1072 assidue
1718 1039 1847 1072 diseant

324 1097 524 1136 tempusque
549 1089 768 1122 constitutum
791 1090 964 1133 addicant,
997 1091 1105 1125 donee
1128 1090 1169 1124 ad
1196 1089 1319 1124 vitam
1348 1089 1482 1135 publice
1506 1096 1697 1125 evocentur.
1743 1091 1846 1136 Quod

324 1197 378 1223 nisi
396 1205 543 1230 corporum
563 1196 716 1230 viriumque
738 1195 950 1221 exercitationes
968 1196 1151 1230 gymnasticae
1175 1204 1242 1230 quas
1260 1195 1355 1221 dicunt
1377 1196 1560 1222 adhibeantur
1576 1197 1612 1222 ad
1629 1197 1847 1224 adolescentulo-

325 1250 387 1266 rum
406 1249 470 1265 usus
493 1240 724 1265 accommodatae.
779 1239 825 1264 Ae
849 1239 916 1264 mibi
936 1239 1045 1272 quidem
1063 1248 1170 1272 semper
1189 1239 1271 1264 infixa
1288 1239 1376 1264 haesit
1394 1239 1546 1270 dubitatio,
1576 1250 1641 1267 num
1658 1243 1765 1267 tantum
1784 1250 1848 1267 vere

325 1283 428 1309 babeat
447 1284 499 1308 ista
518 1282 641 1317 corporis
660 1284 824 1316 artuumque
844 1283 963 1308 versatio
982 1284 1062 1316 atque
1082 1281 1197 1307 intentio
1216 1283 1251 1307 ad
1274 1282 1458 1308 valetudinem
1482 1285 1642 1310 servandam
1667 1287 1695 1311 et
1717 1284 1849 1310 corrobo-

326 1328 442 1352 randam
460 1328 644 1354 momentum,
662 1328 793 1358 quantum
811 1325 894 1358 vulgo
914 1325 1073 1358 praedicant
1092 1325 1237 1350 athleticae
1256 1326 1337 1354 artis,
1356 1325 1444 1359 qualis
1461 1328 1554 1351 nostra
1572 1329 1664 1352 aetate
1682 1327 1851 1362 aliquamdiu

326 1369 458 1398 invaluit,
486 1370 632 1393 amatores.
677 1366 762 1393 Certe
786 1376 869 1401 quum
888 1368 1035 1397 aetatium,
1064 1369 1121 1392 tum
1139 1367 1239 1393 virium
1264 1368 1450 1394 diversitatem
1469 1370 1548 1395 caute
1566 1369 1763 1405 respiciendam
1782 1379 1850 1401 esse,

328 1421 410 1438 nemo
428 1411 610 1440 iufitiabitur,
635 1411 797 1444 praesertim
816 1412 839 1436 si
857 1412 918 1444 quis
936 1412 1163 1441 consideraverit,
1187 1420 1256 1445 quae
1276 1412 1312 1436 sit
1330 1414 1358 1437 et
1376 1412 1464 1437 vietus
1482 1414 1511 1437 et
1528 1412 1642 1439 amictus
1661 1416 1690 1439 et
1707 1416 1850 1440 cona-et!-

329 1456 424 1482 dinum
444 1455 656 1480 domesticarum
676 1454 795 1479 varietas
813 1456 895 1487 atque
914 1455 974 1479 aliis
988 1454 1042 1479 alia
1060 1455 1132 1479 ratio
1153 1456 1181 1479 et
1199 1454 1328 1479 conditio.
1363 1453 1472 1480 Deinde
1489 1463 1599 1489 semper
1615 1456 1766 1483 existimavi
1780 1466 1851 1483 an·-

330 1507 403 1524 mam
422 1497 498 1523 velut
515 1498 545 1522 in
563 1497 621 1523 vita
641 1505 811 1532 corporeque
834 1496 967 1532 regundis
991 1497 1095 1523 bomini
1117 1497 1261 1524 literarum
1284 1498 1407 1524 studioso
1424 1498 1594 1526 scribendam
1613 1509 1670 1527 eaae
1689 1501 1792 1536 legem,
1820 1505 1852 1534 ut

330 1542 444 1568 modum
461 1543 556 1567 teneat
575 1544 737 1575 servetque,
768 1550 850 1575 quun·
869 1541 897 1566 in
916 1541 977 1566 aliis
999 1540 1098 1572 rebus,
1130 1544 1188 1566 tum
1206 1541 1235 1566 in
1254 1541 1328 1567 victu
1347 1550 1379 1567 ae
1398 1545 1479 1576 potu:
1508 1552 1588 1576 quam
1605 1545 1652 1577 qni
1668 1545 1785 1579 negligit
1803 1548 1852 1571 ant

331 1586 412 1619 parvi
430 1586 581 1613 aestumat,
604 1585 651 1617 qui
670 1585 780 1609 taudem
801 1585 905 1617 poterit
923 1584 970 1609 ille
990 1585 1067 1617 operi
1085 1584 1168 1609 alicui
1186 1584 1306 1609 studiose
1326 1584 1451 1610 adsidere
1469 1586 1497 1611 in
1519 1595 1604 1620 eoque
1621 1588 1773 1622 perdurum
1792 1589 1853 1614 nul·

331 1629 359 1653 lo
377 1628 571 1652 intestinorum
591 1627 779 1660 viscerumque
798 1627 919 1652 damno?
938 1626 1033 1652 Nonne
1051 1626 1264 1661 intelligentium
1282 1627 1394 1662 quisque
1413 1637 1519 1655 meeum
1537 1630 1628 1661 videt,
1653 1631 1699 1665 qui
1717 1641 1798 1667 saepe
1817 1631 1853 1658 ab

332 1671 389 1698 illis
408 1669 650 1697 exercitationibus
669 1671 704 1695 ad
723 1670 831 1705 pulpita
850 1670 1033 1704 subsellia-{ue
1050 1671 1204 1696 scholarum
1223 1671 1272 1696 [iat
1290 1671 1376 1697 veluti
1398 1672 1497 1703 saltus,
1524 1673 1630 1699 subitus
1649 1677 1725 1701 certe
1742 1684 1759 1701 a
1776 1675 1855 1702 tuboe

332 1715 411 1740 ribus
432 1715 467 1739 ad
491 1714 595 1739 bonum
621 1715 708 1739 otium
730 1713 881 1739 transitus?
920 1714 963 1738 At
990 1722 1106 1747 corpora
1133 1715 1329 1740 exercitatione
1354 1715 1560 1749 ingr-venenata
1590 1718 1685 1751 itaque
1709 1720 1854 1753 temporis,

332 1758 407 1793 quod
424 1757 466 1783 illi
484 1757 640 1786 tribuatur,
667 1758 695 1781 et
713 1757 810 1782 modus
828 1757 864 1782 sit
881 1758 909 1782 et
928 1758 993 1791 apta
1010 1757 1124 1791 singulis
1141 1756 1237 1784 diebus
1255 1758 1455 1788 determinatio.
1496 1759 1574 1795 Quid
1594 1771 1679 1795 porro
1697 1763 1732 1788 de
1755 1762 1854 1789 hahita

334 1804 422 1829 dicam
442 1802 565 1835 eorporis
584 1802 685 1826 decoro
706 1801 754 1825 illo
776 1810 808 1826 ae
826 1803 939 1826 venusto
959 1802 1048 1834 deque
1067 1802 1123 1826 eius
1141 1802 1287 1835 dignitate,
1321 1803 1350 1828 in
1368 1803 1465 1836 quibus
1485 1806 1586 1837 quanta
1601 1804 1656 1830 sita
1673 1806 1709 1830 sit
1725 1806 1854 1832 iuvenum

334 1845 553 1873 commendatio,
585 1852 640 1868 uon
662 1845 703 1867 est
722 1844 796 1877 quod
815 1844 1006 1869 demonstrem.
1042 1843 1099 1868 Sed
1117 1845 1242 1877 quoniam
1268 1845 1335 1871 alios
1356 1846 1410 1872 alio
1430 1847 1486 1872 fert
1504 1846 1577 1873 bisce
1595 1847 1629 1874 de
1649 1848 1731 1875 rebus
1751 1850 1855 1885 opinio,

333 1889 415 1914 liceat
433 1887 500 1921 quid
518 1896 571 1922 ego
590 1887 717 1921 equidem
736 1887 868 1917 sentiam,
887 1887 978 1921 palam
997 1887 1130 1921 profiteri.
1165 1888 1355 1922 Gymnastieos
1372 1889 1434 1915 illos
1452 1890 1533 1915 ludos
1550 1900 1699 1924 puerorum
1718 1902 1775 1918 esse
1794 1902 1855 1919 een-

335 1940 396 1960 seo,
416 1939 515 1963 eoaque
534 1931 685 1959 currendo,
704 1930 846 1959 saliendo,
869 1930 1040 1958 scandendo,
1067 1931 1187 1955 natando
1205 1932 1363 1965 reliquaque
1382 1932 1505 1966 eorporis
1523 1933 1649 1967 agilitate
1668 1934 1855 1961 adsuefaeien-

336 1975 400 2002 dos·‚
418 1972 601 1998 adultioribus
619 1982 695 1998 arma
714 1973 902 1998 attribuantur
918 1972 1004 2006 iisqne
1023 1981 1082 1998 nese
1101 1977 1259 2004 exerceant,
1276 1975 1325 2001 sed
1341 1974 1452 2000 liberali
1468 1976 1586 2009 quodam
1602 1976 1686 2002 modo
1701 1980 1731 2002 et
1747 1978 1856 2014 elegan-

337 2017 423 2046 tiore,
452 2016 499 2050 qui
523 2015 558 2040 ab
585 2015 748 2041 liberalibus
772 2015 878 2041 artibus
902 2024 1001 2041 nonu-n
1029 2025 1160 2051 usurpare
1186 2016 1314 2052 eupiuut;
1340 2018 1368 2044 iu
1386 2019 1511 2045 saltando
1530 2021 1690 2046 modestiam
1711 2022 1858 2049 observent

336 2071 405 2087 neve
432 2060 664 2094 quemadmodum
690 2059 835 2084 furibundi
863 2058 1083 2089 debacchentur,
1118 2062 1166 2085 aut
1196 2061 1271 2086 inani
1297 2061 1407 2087 turbine
1434 2071 1540 2088 sursum
1567 2064 1694 2090 deorsum
1720 2066 1856 2091 ferantur.

337 2103 535 2136 Adstipulatur
557 2104 587 2128 in
604 2105 685 2135 parte
703 2102 822 2135 quadam
840 2102 992 2126 sententiae
1014 2111 1091 2127 rneae
1115 2111 1277 2136 quamquam
1302 2104 1382 2128 aliam
1404 2112 1516 2138 prorsus
1542 2113 1651 2132 enun-
1668 2116 1752 2144 ageno
1765 2101 1857 2136 fleur.

337 2146 410 2176 Leo,
428 2145 550 2172 Protesi.
568 2145 684 2173 Ualens.
701 2144 731 2172 in
747 2143 859 2173 libello:
877 2144 955 2172 Βενι-
970 2146 1021 2174 Dr.
1040 2146 1207 2185 Dim-stemma
1225 2148 1282 2175 aad
1299 2149 1343 2175 die
1362 2149 1506 2176 deutsche·-
1526 2151 1701 2177 U-n'vem'ffie.
1722 2162 1749 2185 p.
1769 2154 1819 2178 18.
