2008 2818
316 180 489 226 Pan-tieipii
519 176 670 211 Perfecti
697 175 848 210 Passivi‘!
896 172 966 209 Sed
995 185 1037 206 ne
1067 172 1112 206 sit
1145 172 1294 209 eiusdem
1309 199 1312 202 .
1330 174 1536 219 signinam„
1575 189 1660 211 ,ἐκ
1690 188 1767 215 m
1796 190 1836 212 eo

319 237 539 269 commutetur
560 243 598 277 ae
621 230 882 268 commisceatur,
905 225 1161 271 appellationem·
1181 223 1397 264 Grammatici
1416 229 1648 273 excogitarunt
1670 228 1837 275 Supini,

317 293 473 332 tanquam
496 282 674 329 peculiaris
697 280 888 314 Verborum
911 278 1054 319 formae,
1084 289 1148 323 qua
1171 283 1204 311 et
1225 278 1403 323 propriam,
1418 279 1517 321 huius
1544 282 1707 321 orationis
1731 282 1837 328 partis

314 345 467 372 naturam
489 336 675 369 indicarent
697 339 731 366 et
750 345 770 365 a
793 330 983 375 Participiis
1003 329 1265 374 distinguerentz
1290 330 1354 364 etsi
1372 330 1492 373 fuere,
1515 333 1574 378 qui
1595 333 1668 380 ipsa
1683 334 1742 370 illa
1759 335 1838 370 Par.

317 391 430 438 ticipia
452 388 588 423 Passiva
610 386 738 433 Supina
761 382 1014 418 nominaverint.
1060 381 1134 418 Οἴη
1158 383 1319 418 Priscian.
1342 382 1443 425 vm,
1464 377 1838 430 9.p.59‹}.'ed.1;=012t

290 445 367 480 [At
391 455 454 488 ego
478 448 542 475 tam
566 440 683 486 procul
707 451 794 479 sum,
830 442 866 469 ut
897 436 1005 468 eidem
1033 435 1084 468 illi
1114 434 1337 471 Grammatico
1368 435 1446 480 (cfr.
1476 449 1509 482 p.
1536 437 1640 481 595.)
1671 441 1838 475 adsentiar

314 495 490 531 affirmanti
524 498 716 526 venatum
756 489 836 534 quid
877 488 966 521 aliud
1009 500 1086 522 esse
1121 488 1185 523 nisi
1219 488 1267 522 ad
1302 489 1549 532 venandum,
1594 493 1839 536 quaesitum

314 550 381 584 nisi
404 548 451 581 ad
481 543 786 592 quaerendum?
830 546 866 574 ut
896 541 996 575 talem
1019 541 1119 580 unius
1139 541 1354 587 eiusdemque
1378 541 1525 577 notionis
1549 542 1619 575 sive
1643 544 1839 589 multiplica.

316 604 441 636 tionem
479 599 549 632 sive
583 596 793 632 variationem
827 594 979 627 inutilem
1021 594 1120 639 plane
1153 589 1252 639 atquc
1291 595 1424 628 inanem
1456 594 1658 636 iudicarem,
1711 595 1739 629 si
1773 608 1839 642 qua

313 654 458 688 admissa
493 655 591 683 esset.
653 648 723 681 Sed
758 658 867 691 neque
901 645 1025 678 mentis
1059 651 1095 679 et
1127 646 1266 679 rationis
1299 646 1459 681 humanae
1489 645 1570 684 alias
1598 658 1743 693 unquam
1773 648 1838 682 ruit

315 714 556 752 supervacanea
591 699 779 744 excogitare
816 698 1007 744 otiosusque
1044 698 1147 735 veluti
1189 701 1309 732 vocum
1344 704 1378 731 et
1412 698 1651 733 vocabulorum
1690 701 1837 745 species,

314 772 358 793 ne
380 759 484 791 dicam
508 754 639 786 umbras
661 764 698 785 ac
729 752 853 792 larvas,
889 750 1036 783 sermoni
1063 750 1255 792 intrudere,
1289 756 1323 783 et
1352 763 1425 785 rem
1453 751 1549 788 aliter
1576 751 1679 795 longe
1710 753 1837 786 habere

314 821 442 844 mecum
465 804 691 844 consentient,
722 802 779 847 qui
802 802 1009 846 Supinorum
1028 801 1194 845 originem
1216 807 1251 835 et
1272 808 1423 836 naturam
1446 803 1839 838 accuratius-considera-

312 860 428 895 verint.
476 854 763 906 Quemadmodum
787 854 876 887 enim
900 852 1113 887 Gerundia
1137 854 1224 887 haud
1252 855 1352 888 dubie
1375 855 1463 891 dicta
1488 860 1567 889 sunt
1597 867 1614 888 a
1637 857 1837 900 gerendo,

311 915 375 948 hoc
399 917 465 953 est,
488 910 530 943 ab
551 909 682 942 actione
705 907 814 953 aliqua
837 908 966 949 sutura,
987 907 1030 940 ad
1054 919 1152 952 quam
1176 908 1426 949 contendimus,
1449 920 1546 953 quam
1571 909 1715 954 petimus
1733 915 1767 944 et
1784 911 1838 944 ad-

314 968 492 1004 secamus,
528 962 574 995 sic
598 961 796 1006 Supinum
819 960 897 992 inde
930 971 1054 992 nomen
1078 959 1218 993 traxisse
1241 965 1340 1004 puto,
1374 960 1466 1005 quod
1488 960 1661 1005 Participii
1684 961 1777 996 notio
1801 968 1835 995 et

311 1015 511 1063 significatio
535 1014 608 1047 talis
628 1014 689 1046 luae
710 1013 819 1045 forma
841 1012 1107 1057 exprimebatur,
1131 1024 1215 1057 quae
1239 1024 1350 1058 neque
1373 1012 1415 1045 ad
1437 1011 1598 1046 ulteriora
1621 1014 1690 1048 sive
1712 1014 1837 1056 futura,

310 1082 420 1116 neque
442 1068 484 1101 ad
506 1066 672 1100 anteriora
696 1077 721 1098 s⁴
745 1065 925 1111 praeterita
957 1070 1140 1110 spectaret,
1181 1065 1241 1098 sed
1269 1077 1355 1110 quae
1383 1065 1419 1097 in
1449 1076 1485 1097 sc
1515 1065 1611 1110 quasi
1633 1066 1836 1100 consisteret

311 1130 345 1157 et
367 1121 612 1167 acquiesceret,
636 1118 726 1151 nulla
749 1129 889 1163 prorsus
912 1117 1118 1163 temporis
1146 1117 1284 1150 notione
1307 1117 1459 1151 admixta.
1505 1118 1590 1151 Nam
1613 1118 1671 1163 qui
1696 1119 1836 1164 supini

310 1181 389 1210 sunt
412 1174 481 1207 sive
504 1173 661 1213 iacent,
684 1171 708 1204 ii
730 1182 793 1203 nec
817 1170 1042 1216 prospiciunt,
1066 1170 1157 1215 quod
1180 1182 1296 1202 corum
1320 1175 1389 1211 cst,
1413 1170 1470 1215 qui
1489 1170 1588 1215 proni
1607 1171 1761 1204 dicuntur
1779 1178 1836 1204 ant

310 1226 467 1275 proclivi,
501 1237 563 1257 nec
593 1229 685 1256 retro
715 1223 831 1256 oeulos
857 1223 1013 1264 flectunt,
1053 1223 1112 1256 scd
1142 1222 1293 1255 neutrius
1323 1222 1425 1256 veluti
1449 1223 1553 1268 partis
1578 1235 1672 1257 suum
1695 1228 1836 1257 tantum-

309 1281 409 1315 modo
431 1280 542 1313 locum
560 1282 688 1310 tenent.
740 1275 834 1321 Ergo
858 1275 1135 1321 quemadmodum
1157 1276 1371 1321 possidentes
1394 1288 1461 1308 non
1483 1281 1666 1321 occupant,
1701 1278 1760 1309 scd
1784 1289 1837 1310 oc-

309 1339 465 1379 cupatum
490 1342 650 1374 suumque
673 1330 784 1362 locum
807 1334 941 1370 tenent,
965 1328 1009 1360 ita
1033 1328 1139 1361 forma
1161 1328 1224 1360 ista
1247 1327 1415 1373 Supini,
1439 1339 1524 1373 «luae
1548 1327 1744 1370 vocabatur,
1767 1341 1835 1363 non

310 1385 478 1419 actionem
507 1382 561 1415 vel
590 1387 710 1414 statum
737 1385 836 1425 atque
867 1380 1092 1413 conditionem
1122 1380 1280 1414 denotare
1313 1380 1456 1413 debehat
1480 1386 1743 1425 praesentem
1766 1394 1835 1416 non

310 1438 418 1481 magis
445 1447 544 1480 quam
573 1434 819 1473 instantem,
861 1433 920 1465 sed
942 1445 1026 1478 quae
1049 1432 1241 1466 absoluta
1271 1438 1304 1465 et
1328 1432 1530 1478 perfecta
1554 1432 1775 1479 cogitaretur3
1798 1440 1835 1468 ut

312 1490 408 1524 brevi
430 1488 556 1529 dicam,
580 1498 663 1532 quac
687 1480 850 1530 dopiomg
874 1486 1054 1530 significata
1078 1486 1267 1519 haberetur.
1300 1486 1397 1518 L'ndc
1420 1486 1453 1518 id
1478 1486 1600 1518 factum
1625 1498 1699 1518 esse
1722 1488 1834 1529 credo,

314 1596 436 1636 riatur,
459 1592 516 1626 uhi
539 1597 692 1625 auctores
716 1602 782 1623 non
807 1603 878 1623 rem
900 1590 1042 1636 aliquam
1065 1591 1252 1624 continuam
1277 1596 1331 1623 aut
1355 1591 1558 1633 ditum-nam,
1583 1592 1642 1624 sed
1662 1594 1763 1626 semel
1787 1600 1833 1628 at,-

312 1661 380 1694 qnc
405 1645 600 1691 simpliciter
622 1645 742 1676 saetam
767 1644 918 1675 referunt
941 1649 996 1675 aut
1027 1655 1122 1674 snum
1154 1644 1195 1674 dc
1225 1644 1331 1688 aliqua
1364 1657 1400 1675 rc
1425 1644 1585 1686 judicium
1609 1646 1834 1688 pronuntiant.

313 1700 389 1733 Tali
410 1703 519 1732 autem
544 1695 779 1740 significationi
805 1695 953 1740 proxima
978 1700 1027 1727 est
1051 1695 1256 1728 abstracti
1278 1696 1385 1729 notio:
1411 1696 1503 1729 cuius
1517 1709 1601 1742 quae
1619 1696 1683 1729 sint
1697 1699 1833 1744 propria

312 1753 425 1797 signa,
455 1761 574 1783 omnes
597 1753 734 1781 norunt:
778 1760 880 1780 unum
904 1753 971 1788 est,
1003 1748 1043 1780 de
1067 1759 1133 1793 quo
1157 1748 1331 1794 disceptari
1351 1753 1465 1795 queat,
1494 1761 1561 1783 non
1585 1749 1719 1795 quidem
1742 1751 1832 1786 inter

312 1804 457 1851 peritos,
488 1803 547 1835 sed
571 1813 590 1834 a
604 1801 786 1843 tironibus,
811 1812 895 1845 quae
919 1800 961 1833 sit
985 1813 1108 1834 sunnna
1131 1802 1232 1835 veluti
1257 1808 1289 1835 et
1312 1802 1496 1836 certissima
1518 1803 1720 1838 discriminis
1742 1811 1831 1847 nota,

311 1870 377 1903 qna
399 1868 464 1888 una
486 1855 527 1888 ab
551 1856 654 1887 altera
678 1855 892 1898 dignoscatur
916 1853 1083 1886 nominum
1107 1854 1301 1887 Yerlialiuan
1325 1855 1457 1887 forma?
1490 1854 1577 1898 Cui·
1606 1855 1636 1887 si
1663 1855 1754 1889 sorte
1783 1858 1831 1891 in-

313 1910 418 1949 cidet,
443 1907 627 1951 quaestioni
652 1906 699 1939 sic
722 1905 927 1950 respondere
951 1905 1043 1938 licet:
1067 1907 1198 1939 nomina
1221 1919 1262 1939 cx
1285 1919 1411 1951 genere
1428 1906 1688 1948 abstracturum,
1711 1908 1747 1941 in
1770 1910 1830 1943 tio

312 1962 367 1995 vel
390 1960 450 1992 sio
474 1958 659 1991 desinentia
681 1958 889 1990 actionem
913 1957 1113 2001 significare,
1136 1971 1219 2004 quac
1242 1959 1281 1991 tit
1304 1965 1338 1991 ct
1361 1959 1424 1991 snit
1447 1963 1480 1990 et
1498 1959 1609 1991 sutura
1629 1960 1707 1993 erit:
1732 1961 1831 2007 siqni-

313 2014 387 2047 dem
412 2022 497 2057 quae
520 2015 631 2043 mente
654 2009 880 2042 tantummodo
903 2012 1139 2055 comprehensa
1160 2017 1259 2056 atque
1282 2012 1389 2044 delixa
1406 2016 1501 2051 sunt,
1526 2011 1627 2046 uultis
1644 2017 1830 2059 temporum

312 2065 476 2099 limitibus
500 2062 751 2107 circumscripta
771 2073 846 2095 esse
868 2068 1026 2107 possunt3
1060 2069 1175 2097 eontra
1204 2063 1349 2096 verbalia
1379 2062 1528 2105 nomina,
1563 2075 1703 2109 quorum
1735 2068 1829 2113 quasi

313 2116 474 2163 reliquiae
508 2115 543 2149 in
574 2114 750 2161 Supinis
777 2114 850 2148 istis
881 2115 1044 2150 contineri
1072 2123 1172 2163 atque
1196 2122 1322 2151 restare
1353 2117 1485 2157 eredas»,
1520 2117 1670 2152 factum
1693 2120 1828 2169 aliquod
