2008 2818
255 470 458 529 Reputanti
480 490 611 514 meeum
631 490 671 511 ae
693 474 909 515 deliberanti,
947 471 1028 518 quid
1050 468 1262 516 potissimum
1283 462 1473 509 argumenti
1494 461 1537 494 ad
1560 460 1706 494 seriben-

184 539 263 572 dum
285 536 365 572 mihi
388 545 572 575 sumerem,
606 529 740 578 publice
768 528 833 561 iam
863 523 1052 560 disserendi
1080 522 1192 555 denuo
1214 519 1290 553 data
1312 514 1583 563 opportunitate,
1616 518 1709 546 tanta

185 603 251 624 uno
273 588 376 624 veluti
397 588 524 634 impetu
547 583 763 618 obst-,rebatur
786 590 898 613 reum
920 576 1210 622 gravissimarum,
1233 582 1344 616 neque
1360 581 1379 602 a
1399 567 1518 601 studiis
1539 565 1709 599 liberalio-

184 645 232 677 ris
252 641 380 687 ingenii
401 640 570 673 hominnm
593 648 656 669 nee
678 647 697 668 a
720 644 863 679 persona
884 641 958 663 mea
978 629 1161 662 alienarum
1183 624 1296 670 copia,
1319 627 1356 654 ut
1378 621 1421 654 de
1444 619 1577 653 delectu
1599 618 1706 663 magis

184 695 388 740 ambigerem
410 697 505 726 eante
527 702 566 724 ae
587 688 771 735 prudenter
793 682 966 725 faciundo,
998 692 1097 727 quam
1119 690 1233 712 rerum
1263 680 1298 709 et
1320 674 1473 708 locorum
1496 671 1608 717 inopia
1630 682 1709 716 qua-

185 750 260 782 dam
282 753 317 781 et
340 745 477 792 penuria
500 745 584 776 hane
606 744 755 774 nostram
777 741 917 769 aetatem
938 734 1090 768 laborare
1118 732 1207 765 insto
1230 728 1342 775 aliquo
1366 738 1442 760 eum
1464 724 1583 758 dolore
1607 723 1709 756 senti-

185 813 267 835 rem.
312 798 397 833 Nan
416 797 492 830 sive
514 795 590 840 quis
613 799 742 826 meeum
764 788 922 833 respiciat
944 791 1095 820 veterum
1117 783 1339 828 scriptorum,
1362 779 1421 825 qui
1442 778 1479 811 in
1502 776 1629 812 sebolis
1645 781 1710 809 tra-

186 857 315 887 ctantur
337 850 530 885 varietatem
552 845 797 889 vitiorumque,
828 840 951 887 quibus
973 836 1097 882 singuli
1119 835 1244 882 quique
1267 844 1385 866 eorum
1407 829 1488 863 libri
1510 828 1708 870 etiamnum,

187 904 398 952 quantumvis
419 901 523 935 multa
544 899 692 933 virorum
715 897 889 929 doctorum
911 890 1083 935 diligentia
1104 887 1264 928 adliilu'ta,
1286 885 1502 930 reperiuntur
1517 881 1709 922 deformati,

188 959 257 992 sive
291 957 453 990 librorum
482 952 693 997 antiquorum
724 946 883 993 repetitas
910 949 965 977 aut
995 954 1099 976 novas
1132 940 1297 974 editiones
1334 942 1369 971 et
1402 934 1708 980 interpretationes,

187 1021 326 1057 quarum
348 1011 469 1054 quanta
493 1005 534 1037 sit
557 1008 691 1037 nostrae
711 999 828 1033 aetatis
850 998 985 1030 ubertas
1006 1007 1044 1028 ae
1066 992 1272 1033 fecunditas,
1309 987 1509 1023 incredibile
1531 986 1623 1019 dictu
1645 991 1709 1027 est,

188 1064 258 1097 sive
281 1061 425 1105 denique
446 1059 666 1102 interpretum
689 1058 723 1087 et
746 1051 912 1086 editorum
934 1049 976 1083 de
998 1047 1118 1082 iisdem
1145 1044 1230 1080 loeis
1257 1049 1328 1077 tum
1357 1046 1479 1088 quanta
1509 1039 1553 1074 sit
1583 1038 1710 1072 dissen-

188 1115 257 1156 sio,
290 1118 362 1146 tum
382 1111 419 1144 in
442 1106 700 1143 demonstrando
721 1109 758 1137 et
778 1100 1041 1148 argumentando
1068 1098 1124 1132 vel
1152 1096 1312 1141 saffaeitas
1339 1094 1393 1127 vel
1415 1092 1550 1133 levitas,
1583 1091 1620 1124 in
1649 1091 1709 1124 im-

188 1164 376 1213 pugnandis
398 1160 596 1196 adversariis
618 1159 674 1192 vel
695 1156 881 1190 humanitas
909 1166 947 1186 ae
977 1152 1115 1192 lenitas,
1151 1149 1208 1183 vel
1234 1148 1284 1181 ira
1313 1152 1413 1191 atque
1442 1144 1639 1188 indignitas,
1672 1143 1709 1176 in

189 1217 369 1254 asserendo
392 1220 426 1249 et
448 1211 646 1248 vindicando
669 1221 757 1244 nune
780 1206 942 1242 modestia
964 1210 999 1239 et
1020 1200 1254 1249 temperantia,
1282 1211 1371 1233 nune
1394 1195 1529 1232 audacia
1547 1208 1585 1230 ae
1608 1201 1710 1229 teme·

190 1273 271 1307 ritas
302 1291 335 1296 —
362 1269 423 1302 hae
445 1270 535 1299 tanta
558 1275 672 1297 rerum
694 1261 789 1308 eopia
817 1265 851 1294 et
878 1258 1038 1294 varietate
1068 1256 1330 1290 circumventum
1359 1251 1470 1297 potius
1501 1261 1538 1281 se
1566 1248 1710 1282 animad-

191 1329 318 1364 vertet,
340 1332 384 1354 ne
407 1320 513 1352 dicam
537 1327 753 1362 oppressum,
775 1325 875 1359 quam
896 1313 933 1344 in
955 1309 1050 1342 orbis
1071 1306 1211 1340 literarii
1241 1317 1341 1350 quern
1366 1308 1502 1343 vocant,
1525 1301 1614 1333 tristi
1633 1312 1711 1345 qna-

192 1377 267 1410 dani
289 1373 442 1408 vastitate
465 1371 635 1403 desertum
656 1379 694 1401 ae
717 1365 921 1399 destitutum.
967 1361 1039 1397 Sed
1061 1357 1270 1405 quantumvis
1299 1367 1417 1400 magua
1438 1354 1494 1389 vel
1517 1353 1560 1387 sit
1581 1352 1636 1387 vel
1658 1353 1711 1386 ba-

193 1429 262 1463 bita
283 1425 386 1460 fuerit
409 1421 534 1457 saeculi
557 1420 664 1454 nostri
686 1420 721 1453 in
743 1417 904 1464 pariendo
922 1412 1127 1453 fecunditas,
1150 1410 1179 1443 si
1198 1420 1338 1456 operum
1354 1408 1390 1441 in
1409 1406 1531 1451 vulgus
1546 1404 1712 1438 editorum

193 1494 231 1515 ae
254 1479 465 1514 conditorum
493 1472 739 1507 multitudinem
768 1474 901 1514 spectes
938 1465 1200 1508 industriamque
1232 1462 1401 1494 bominum
1433 1458 1638 1491 eruditorum
1667 1457 1714 1489 in-

196 1534 385 1565 exhaustam
408 1526 572 1573 quandam
595 1523 824 1562 sedulitatem,
846 1526 958 1552 tamen
980 1517 1101 1551 virium
1124 1526 1257 1560 quoque
1280 1512 1448 1545 defectum
1468 1520 1713 1554 eor-porumque

196 1591 229 1618 et
252 1583 437 1618 animorum
459 1576 686 1613 lassitudinem
711 1579 744 1607 et
767 1574 981 1617 languorem,
1015 1570 1068 1602 hie
1092 1567 1162 1601 illie
1189 1564 1404 1610 conspicuum
1435 1567 1468 1594 et
1490 1560 1714 1602 manifestum,

197 1638 255 1682 qui
278 1636 565 1679 conquererentur
589 1640 695 1674 nuper
720 1626 927 1659 exstiterunt.
967 1622 1044 1667 Ipsa
1067 1620 1156 1652 enim
1178 1619 1234 1651 illa
1257 1616 1504 1661 disciplinarum
1526 1625 1595 1646 non
1617 1614 1715 1645 modo

197 1689 373 1728 varietate,
408 1684 468 1717 sed
487 1682 652 1727 indigesta
675 1690 779 1725 paene
803 1677 892 1710 mole
915 1680 950 1708 et
973 1673 1098 1707 ambitu
1119 1672 1193 1704 fere
1215 1669 1387 1702 indefinito
1410 1677 1591 1712 puerorum
1614 1670 1648 1698 et
1670 1665 1717 1697 in-

198 1752 319 1776 venum
342 1742 473 1773 mentes
495 1733 593 1769 obrui
616 1744 653 1767 ae
675 1742 782 1779 prope
806 1727 978 1771 suffocari,
1000 1723 1112 1770 frangi
1134 1728 1169 1758 et
1190 1720 1380 1757 labefactari
1402 1719 1523 1754 bonam
1546 1717 1575 1751 si
1593 1717 1646 1751 eui
1665 1722 1718 1750 est

198 1792 424 1829 valetudinem
446 1793 608 1836 perpetua
630 1786 692 1819 ista
723 1789 756 1816 et
784 1794 847 1828 per
868 1781 983 1827 plures
1005 1778 1071 1812 diei
1093 1778 1192 1810 horas
1222 1774 1411 1809 continuata
1438 1772 1473 1804 in
1504 1770 1645 1804 samnis
1672 1775 1718 1802 at-

200 1859 266 1893 que
294 1842 463 1879 subselliis
488 1840 654 1881 sessione,
689 1834 854 1870 exhauriri
883 1833 972 1867 vires
998 1828 1207 1876 quantumvis
1236 1826 1359 1861 virides
1388 1829 1590 1868 vegetusque
1617 1827 1718 1867 atque

201 1900 376 1934 immaturo
400 1893 524 1929 sensim
544 1890 673 1939 pallore
696 1885 853 1922 subfundi
875 1881 1131 1918 adolescentium
1155 1891 1257 1925 genas
1280 1876 1465 1911 examinum
1488 1873 1621 1921 publice
1642 1873 1719 1906 sub-

202 1952 388 1986 eundorum
411 1948 466 1982 vel
488 1946 637 1993 pondere
660 1942 714 1976 vel
735 1941 868 1984 rigore,
910 1936 1063 1975 omnino,
1094 1933 1228 1977 ingenia
1257 1941 1437 1976 puerorum
1459 1940 1478 1960 a
1501 1927 1619 1972 primis
1641 1927 1720 1959 inde

202 2003 366 2038 tirociniis
389 1999 549 2045 exagitari
578 2003 677 2041 atque
701 1995 765 2027 hue
788 1992 868 2025 illue
890 1988 1032 2029 versari,
1064 1991 1132 2019 tam
1154 1996 1270 2029 parum
1293 1980 1446 2026 eorporis
1468 1979 1578 2013 curari
1601 1978 1722 2012 valetu-

205 2058 317 2092 dinem
343 2059 377 2088 et
399 2051 644 2098 integritatem,
672 2052 747 2093 'tam
771 2043 854 2077 raris
876 2040 1053 2089 parvisque
1076 2035 1262 2072 intervallis
1284 2031 1495 2068 relaxationis
1517 2030 1643 2077 aliquid
1665 2030 1724 2064 mi-

206 2110 291 2145 seris
313 2107 383 2143 illis
405 2103 545 2140 concedi
568 2116 605 2136 ae
629 2097 853 2139 remissionis,
882 2100 918 2128 ut
940 2093 1076 2127 minime
1104 2089 1289 2124 mirandum
1313 2087 1371 2128 sit,
1394 2086 1422 2118 si
1445 2086 1481 2118 in
1503 2084 1591 2117 ludis
1612 2084 1725 2117 litera-

208 2164 267 2197 riis
290 2168 355 2194 tam
379 2159 501 2192 multos
525 2165 709 2199 exsangues
732 2162 836 2196 prope
867 2147 1056 2193 pallidaque
1088 2144 1190 2177 macie
1219 2141 1383 2175 notabiles
1412 2137 1598 2183 conspicias
1627 2137 1726 2170 bona-
