<?xml version="1.0" encoding="UTF-8"?>
<!DOCTYPE html PUBLIC "-//W3C//DTD XHTML 1.0 Transitional//EN"
    "http://www.w3.org/TR/xhtml1/DTD/xhtml1-transitional.dtd">
<html xmlns="http://www.w3.org/1999/xhtml" xml:lang="en" lang="en">
 <head>
  <title>
</title>
<meta http-equiv="Content-Type" content="text/html;charset=utf-8" />
  <meta name='ocr-system' content='tesseract 3.04.00' />
  <meta name='ocr-capabilities' content='ocr_page ocr_carea ocr_par ocr_line ocrx_word'/>
</head>
<body>
  <div class='ocr_page' id='page_1' title='image "./4630605_0014.png"; bbox 0 0 2008 2818; ppageno 0'>
   <div class='ocr_carea' id='block_1_1' title="bbox 583 148 1149 187">
    <p class='ocr_par' dir='ltr' id='par_1_1' title="bbox 583 148 1149 187">
     <span class='ocr_line' id='line_1_1' title="bbox 583 148 1149 187; baseline -0.014 -3"><span class='ocrx_word' id='word_1_1' title='bbox 583 148 1149 187; x_wconf 49' lang='lat' dir='ltr'>gzoasan—</span> 
     </span>
    </p>
   </div>
   <div class='ocr_carea' id='block_1_2' title="bbox 102 242 1627 2084">
    <p class='ocr_par' dir='ltr' id='par_1_2' title="bbox 102 242 1627 1136">
     <span class='ocr_line' id='line_1_2' title="bbox 104 242 1626 298; baseline -0.015 -1"><span class='ocrx_word' id='word_1_2' title='bbox 104 263 216 297; x_wconf 86' lang='lat' dir='ltr'>nullus</span> <span class='ocrx_word' id='word_1_3' title='bbox 237 260 292 296; x_wconf 81' lang='lat' dir='ltr'>vel</span> <span class='ocrx_word' id='word_1_4' title='bbox 314 256 505 292; x_wconf 85' lang='lat' dir='ltr'>rarissimus</span> <span class='ocrx_word' id='word_1_5' title='bbox 527 259 598 289; x_wconf 80' lang='lat' dir='ltr'>erat</span> <span class='ocrx_word' id='word_1_6' title='bbox 618 264 717 298; x_wconf 77' lang='lat' dir='ltr'>nsus3</span> <span class='ocrx_word' id='word_1_7' title='bbox 753 263 832 285; x_wconf 85' lang='lat' dir='ltr'>suus</span> <span class='ocrx_word' id='word_1_8' title='bbox 862 250 963 285; x_wconf 88' lang='lat' dir='ltr'>etiam</span> <span class='ocrx_word' id='word_1_9' title='bbox 985 254 1057 282; x_wconf 83' lang='lat' dir='ltr'>tum</span> <span class='ocrx_word' id='word_1_10' title='bbox 1085 246 1229 292; x_wconf 70' lang='lat' dir='ltr'>frigidae</span> <span class='ocrx_word' id='word_1_11' title='bbox 1254 255 1361 290; x_wconf 75' lang='lat' dir='ltr'>aquae</span> <span class='ocrx_word' id='word_1_12' title='bbox 1390 242 1545 277; x_wconf 85' lang='lat' dir='ltr'>manebat</span> <span class='ocrx_word' id='word_1_13' title='bbox 1567 242 1626 275; x_wconf 79' lang='lat' dir='ltr'>ho-</span> 
     </span>
     <span class='ocr_line' id='line_1_3' title="bbox 102 294 1627 356; baseline -0.014 -8"><span class='ocrx_word' id='word_1_14' title='bbox 102 327 182 356; x_wconf 81' lang='lat' dir='ltr'>nos,</span> <span class='ocrx_word' id='word_1_15' title='bbox 205 310 385 348; x_wconf 71' lang='lat' dir='ltr'>cerevisiae</span> <span class='ocrx_word' id='word_1_16' title='bbox 408 308 573 342; x_wconf 86' lang='lat' dir='ltr'>bibendae</span> <span class='ocrx_word' id='word_1_17' title='bbox 595 305 719 340; x_wconf 88' lang='lat' dir='ltr'>modici</span> <span class='ocrx_word' id='word_1_18' title='bbox 740 308 934 350; x_wconf 79' lang='lat' dir='ltr'>apparatus3</span> <span class='ocrx_word' id='word_1_19' title='bbox 959 311 1182 346; x_wconf 84' lang='lat' dir='ltr'>cauponarum</span> <span class='ocrx_word' id='word_1_20' title='bbox 1204 296 1482 341; x_wconf 73' lang='lat' dir='ltr'>taber-uarumque</span> <span class='ocrx_word' id='word_1_21' title='bbox 1504 294 1627 341; x_wconf 85' lang='lat' dir='ltr'>proba-</span> 
     </span>
     <span class='ocr_line' id='line_1_4' title="bbox 103 346 1626 402; baseline -0.015 -2"><span class='ocrx_word' id='word_1_22' title='bbox 103 368 184 401; x_wconf 82' lang='lat' dir='ltr'>bilis</span> <span class='ocrx_word' id='word_1_23' title='bbox 209 363 386 398; x_wconf 76' lang='lat' dir='ltr'>admodum</span> <span class='ocrx_word' id='word_1_24' title='bbox 414 367 449 394; x_wconf 87' lang='lat' dir='ltr'>et</span> <span class='ocrx_word' id='word_1_25' title='bbox 475 359 651 394; x_wconf 85' lang='lat' dir='ltr'>laudabilis</span> <span class='ocrx_word' id='word_1_26' title='bbox 677 355 921 402; x_wconf 78' lang='lat' dir='ltr'>infrequentia3</span> <span class='ocrx_word' id='word_1_27' title='bbox 960 353 998 386; x_wconf 84' lang='lat' dir='ltr'>in</span> <span class='ocrx_word' id='word_1_28' title='bbox 1027 351 1176 385; x_wconf 69' lang='lat' dir='ltr'>saltumn</span> <span class='ocrx_word' id='word_1_29' title='bbox 1205 348 1368 382; x_wconf 85' lang='lat' dir='ltr'>modestia</span> <span class='ocrx_word' id='word_1_30' title='bbox 1397 354 1431 380; x_wconf 82' lang='lat' dir='ltr'>et</span> <span class='ocrx_word' id='word_1_31' title='bbox 1460 346 1626 392; x_wconf 69' lang='lat' dir='ltr'>gravioris</span> 
     </span>
     <span class='ocr_line' id='line_1_5' title="bbox 103 399 1624 454; baseline -0.015 -1"><span class='ocrx_word' id='word_1_32' title='bbox 103 417 220 454; x_wconf 72' lang='lat' dir='ltr'>aetatis</span> <span class='ocrx_word' id='word_1_33' title='bbox 254 414 425 449; x_wconf 84' lang='lat' dir='ltr'>bominum</span> <span class='ocrx_word' id='word_1_34' title='bbox 460 412 560 447; x_wconf 87' lang='lat' dir='ltr'>etiam</span> <span class='ocrx_word' id='word_1_35' title='bbox 585 411 622 445; x_wconf 90' lang='lat' dir='ltr'>in</span> <span class='ocrx_word' id='word_1_36' title='bbox 654 411 716 444; x_wconf 89' lang='lat' dir='ltr'>bac</span> <span class='ocrx_word' id='word_1_37' title='bbox 743 414 815 443; x_wconf 85' lang='lat' dir='ltr'>arte</span> <span class='ocrx_word' id='word_1_38' title='bbox 845 406 998 441; x_wconf 84' lang='lat' dir='ltr'>salutaris</span> <span class='ocrx_word' id='word_1_39' title='bbox 1032 403 1194 451; x_wconf 80' lang='lat' dir='ltr'>quaedam</span> <span class='ocrx_word' id='word_1_40' title='bbox 1220 399 1415 444; x_wconf 82' lang='lat' dir='ltr'>aemulatio;</span> <span class='ocrx_word' id='word_1_41' title='bbox 1460 399 1624 433; x_wconf 85' lang='lat' dir='ltr'>librorum</span> 
     </span>
     <span class='ocr_line' id='line_1_6' title="bbox 103 452 1625 512; baseline -0.015 -7"><span class='ocrx_word' id='word_1_42' title='bbox 103 480 317 505; x_wconf 72' lang='lat' dir='ltr'><strong>amoenorum</strong></span> <span class='ocrx_word' id='word_1_43' title='bbox 344 467 449 512; x_wconf 71' lang='lat' dir='ltr'>magis</span> <span class='ocrx_word' id='word_1_44' title='bbox 478 471 513 498; x_wconf 88' lang='lat' dir='ltr'>et</span> <span class='ocrx_word' id='word_1_45' title='bbox 541 464 761 497; x_wconf 85' lang='lat' dir='ltr'>ineundorum</span> <span class='ocrx_word' id='word_1_46' title='bbox 789 472 887 507; x_wconf 83' lang='lat' dir='ltr'>quam</span> <span class='ocrx_word' id='word_1_47' title='bbox 915 458 1047 492; x_wconf 86' lang='lat' dir='ltr'>utilium</span> <span class='ocrx_word' id='word_1_48' title='bbox 1068 469 1120 490; x_wconf 45' lang='lat' dir='ltr'>*ac</span> <span class='ocrx_word' id='word_1_49' title='bbox 1147 456 1239 488; x_wconf 83' lang='lat' dir='ltr'>lectu</span> <span class='ocrx_word' id='word_1_50' title='bbox 1273 454 1470 498; x_wconf 74' lang='lat' dir='ltr'>dignorum,</span> <span class='ocrx_word' id='word_1_51' title='bbox 1504 452 1625 496; x_wconf 81' lang='lat' dir='ltr'>quibus</span> 
     </span>
     <span class='ocr_line' id='line_1_7' title="bbox 102 503 1627 566; baseline -0.017 -8"><span class='ocrx_word' id='word_1_52' title='bbox 102 521 291 559; x_wconf 79' lang='lat' dir='ltr'>lectitandis</span> <span class='ocrx_word' id='word_1_53' title='bbox 305 523 470 566; x_wconf 69' lang='lat' dir='ltr'>‘qnantum</span> <span class='ocrx_word' id='word_1_54' title='bbox 492 517 573 551; x_wconf 87' lang='lat' dir='ltr'>boni</span> <span class='ocrx_word' id='word_1_55' title='bbox 595 514 656 550; x_wconf 90' lang='lat' dir='ltr'>otii</span> <span class='ocrx_word' id='word_1_56' title='bbox 685 513 784 550; x_wconf 79' lang='lat' dir='ltr'>hodie</span> <span class='ocrx_word' id='word_1_57' title='bbox 806 524 825 546; x_wconf 90' lang='lat' dir='ltr'>a</span> <span class='ocrx_word' id='word_1_58' title='bbox 848 510 963 545; x_wconf 89' lang='lat' dir='ltr'>multis</span> <span class='ocrx_word' id='word_1_59' title='bbox 984 512 1177 543; x_wconf 89' lang='lat' dir='ltr'>conteratur</span> <span class='ocrx_word' id='word_1_60' title='bbox 1204 517 1244 539; x_wconf 90' lang='lat' dir='ltr'>ac</span> <span class='ocrx_word' id='word_1_61' title='bbox 1273 505 1452 551; x_wconf 86' lang='lat' dir='ltr'>perdatur,</span> <span class='ocrx_word' id='word_1_62' title='bbox 1484 503 1627 538; x_wconf 82' lang='lat' dir='ltr'>incredi.</span> 
     </span>
     <span class='ocr_line' id='line_1_8' title="bbox 102 557 1627 617; baseline -0.015 -7"><span class='ocrx_word' id='word_1_63' title='bbox 102 576 171 609; x_wconf 86' lang='lat' dir='ltr'>bile</span> <span class='ocrx_word' id='word_1_64' title='bbox 194 575 284 608; x_wconf 86' lang='lat' dir='ltr'>dictu</span> <span class='ocrx_word' id='word_1_65' title='bbox 306 578 374 614; x_wconf 87' lang='lat' dir='ltr'>est,</span> <span class='ocrx_word' id='word_1_66' title='bbox 394 582 517 617; x_wconf 82' lang='lat' dir='ltr'>parvus</span> <span class='ocrx_word' id='word_1_67' title='bbox 539 568 715 602; x_wconf 80' lang='lat' dir='ltr'>admodum</span> <span class='ocrx_word' id='word_1_68' title='bbox 736 575 912 608; x_wconf 81' lang='lat' dir='ltr'>nnmerus3</span> <span class='ocrx_word' id='word_1_69' title='bbox 938 562 1125 596; x_wconf 74' lang='lat' dir='ltr'>fabularum</span> <span class='ocrx_word' id='word_1_70' title='bbox 1146 557 1410 592; x_wconf 83' lang='lat' dir='ltr'>Romanensium</span> <span class='ocrx_word' id='word_1_71' title='bbox 1432 568 1541 602; x_wconf 88' lang='lat' dir='ltr'>prope</span> <span class='ocrx_word' id='word_1_72' title='bbox 1563 562 1627 589; x_wconf 85' lang='lat' dir='ltr'>ste-</span> 
     </span>
     <span class='ocr_line' id='line_1_9' title="bbox 103 608 1626 661; baseline -0.014 0"><span class='ocrx_word' id='word_1_73' title='bbox 103 628 223 661; x_wconf 84' lang='lat' dir='ltr'>rilitas:</span> <span class='ocrx_word' id='word_1_74' title='bbox 251 626 289 658; x_wconf 84' lang='lat' dir='ltr'>iu</span> <span class='ocrx_word' id='word_1_75' title='bbox 309 624 377 658; x_wconf 83' lang='lat' dir='ltr'>vita</span> <span class='ocrx_word' id='word_1_76' title='bbox 398 627 508 655; x_wconf 88' lang='lat' dir='ltr'>autem</span> <span class='ocrx_word' id='word_1_77' title='bbox 531 627 566 654; x_wconf 88' lang='lat' dir='ltr'>et</span> <span class='ocrx_word' id='word_1_78' title='bbox 587 617 794 652; x_wconf 83' lang='lat' dir='ltr'>institutione</span> <span class='ocrx_word' id='word_1_79' title='bbox 816 626 999 661; x_wconf 86' lang='lat' dir='ltr'>puerorum</span> <span class='ocrx_word' id='word_1_80' title='bbox 1020 611 1222 653; x_wconf 86' lang='lat' dir='ltr'>domestica,</span> <span class='ocrx_word' id='word_1_81' title='bbox 1249 621 1349 656; x_wconf 85' lang='lat' dir='ltr'>quam</span> <span class='ocrx_word' id='word_1_82' title='bbox 1372 609 1493 642; x_wconf 87' lang='lat' dir='ltr'>merito</span> <span class='ocrx_word' id='word_1_83' title='bbox 1516 608 1626 641; x_wconf 89' lang='lat' dir='ltr'>omnis</span> 
     </span>
     <span class='ocr_line' id='line_1_10' title="bbox 104 660 1625 720; baseline -0.014 -7"><span class='ocrx_word' id='word_1_84' title='bbox 104 677 274 720; x_wconf 77' lang='lat' dir='ltr'>felicitatis</span> <span class='ocrx_word' id='word_1_85' title='bbox 297 681 331 709; x_wconf 88' lang='lat' dir='ltr'>et</span> <span class='ocrx_word' id='word_1_86' title='bbox 353 672 586 720; x_wconf 74' lang='lat' dir='ltr'><strong>prosperitatis</strong></span> <span class='ocrx_word' id='word_1_87' title='bbox 608 671 740 704; x_wconf 80' lang='lat' dir='ltr'>suturae</span> <span class='ocrx_word' id='word_1_88' title='bbox 763 667 903 700; x_wconf 77' lang='lat' dir='ltr'>dixerim</span> <span class='ocrx_word' id='word_1_89' title='bbox 923 666 1068 711; x_wconf 86' lang='lat' dir='ltr'>primum</span> <span class='ocrx_word' id='word_1_90' title='bbox 1090 663 1186 710; x_wconf 86' lang='lat' dir='ltr'>quasi</span> <span class='ocrx_word' id='word_1_91' title='bbox 1207 663 1356 703; x_wconf 80' lang='lat' dir='ltr'>fontem,</span> <span class='ocrx_word' id='word_1_92' title='bbox 1378 660 1507 705; x_wconf 71' lang='lat' dir='ltr'>ingenii</span> <span class='ocrx_word' id='word_1_93' title='bbox 1531 665 1625 694; x_wconf 80' lang='lat' dir='ltr'>certe</span> 
     </span>
     <span class='ocr_line' id='line_1_11' title="bbox 102 712 1626 769; baseline -0.014 -3"><span class='ocrx_word' id='word_1_94' title='bbox 102 743 143 767; x_wconf 86' lang='lat' dir='ltr'>ae</span> <span class='ocrx_word' id='word_1_95' title='bbox 165 740 294 765; x_wconf 84' lang='lat' dir='ltr'>morum</span> <span class='ocrx_word' id='word_1_96' title='bbox 319 726 504 761; x_wconf 87' lang='lat' dir='ltr'>naturalem</span> <span class='ocrx_word' id='word_1_97' title='bbox 527 722 692 769; x_wconf 84' lang='lat' dir='ltr'>quandam</span> <span class='ocrx_word' id='word_1_98' title='bbox 714 725 750 753; x_wconf 89' lang='lat' dir='ltr'>et</span> <span class='ocrx_word' id='word_1_99' title='bbox 772 719 928 765; x_wconf 84' lang='lat' dir='ltr'>optimam</span> <span class='ocrx_word' id='word_1_100' title='bbox 949 717 1139 762; x_wconf 75' lang='lat' dir='ltr'>magistram</span> <span class='ocrx_word' id='word_1_101' title='bbox 1161 720 1196 749; x_wconf 87' lang='lat' dir='ltr'>ct</span> <span class='ocrx_word' id='word_1_102' title='bbox 1217 713 1411 756; x_wconf 79' lang='lat' dir='ltr'>rectricem,</span> <span class='ocrx_word' id='word_1_103' title='bbox 1447 724 1533 759; x_wconf 87' lang='lat' dir='ltr'>quae</span> <span class='ocrx_word' id='word_1_104' title='bbox 1554 712 1626 746; x_wconf 78' lang='lat' dir='ltr'>fue-</span> 
     </span>
     <span class='ocr_line' id='line_1_12' title="bbox 103 766 1625 829; baseline -0.013 -12"><span class='ocrx_word' id='word_1_105' title='bbox 103 784 148 817; x_wconf 81' lang='lat' dir='ltr'>rit</span> <span class='ocrx_word' id='word_1_106' title='bbox 169 785 344 829; x_wconf 84' lang='lat' dir='ltr'>parentum</span> <span class='ocrx_word' id='word_1_107' title='bbox 366 779 440 812; x_wconf 79' lang='lat' dir='ltr'>fere</span> <span class='ocrx_word' id='word_1_108' title='bbox 463 771 611 810; x_wconf 70' lang='lat' dir='ltr'>omnium</span> <span class='ocrx_word' id='word_1_109' title='bbox 636 772 820 807; x_wconf 83' lang='lat' dir='ltr'>eommunis</span> <span class='ocrx_word' id='word_1_110' title='bbox 847 770 1006 816; x_wconf 86' lang='lat' dir='ltr'>quaedam</span> <span class='ocrx_word' id='word_1_111' title='bbox 1036 768 1197 803; x_wconf 83' lang='lat' dir='ltr'>severitas</span> <span class='ocrx_word' id='word_1_112' title='bbox 1224 773 1260 801; x_wconf 85' lang='lat' dir='ltr'>et</span> <span class='ocrx_word' id='word_1_113' title='bbox 1287 766 1450 811; x_wconf 71' lang='lat' dir='ltr'>gravitas,</span> <span class='ocrx_word' id='word_1_114' title='bbox 1480 770 1625 811; x_wconf 86' lang='lat' dir='ltr'>patrum-</span> 
     </span>
     <span class='ocr_line' id='line_1_13' title="bbox 104 818 1624 882; baseline -0.013 -12"><span class='ocrx_word' id='word_1_115' title='bbox 104 848 170 882; x_wconf 79' lang='lat' dir='ltr'>que</span> <span class='ocrx_word' id='word_1_116' title='bbox 192 833 391 868; x_wconf 70' lang='lat' dir='ltr'>familiarum</span> <span class='ocrx_word' id='word_1_117' title='bbox 413 828 502 874; x_wconf 86' lang='lat' dir='ltr'>apud</span> <span class='ocrx_word' id='word_1_118' title='bbox 522 838 602 860; x_wconf 88' lang='lat' dir='ltr'>suos</span> <span class='ocrx_word' id='word_1_119' title='bbox 630 824 826 865; x_wconf 81' lang='lat' dir='ltr'>auctoritas,</span> <span class='ocrx_word' id='word_1_120' title='bbox 859 834 943 868; x_wconf 87' lang='lat' dir='ltr'>quae</span> <span class='ocrx_word' id='word_1_121' title='bbox 969 827 1042 855; x_wconf 89' lang='lat' dir='ltr'>tum</span> <span class='ocrx_word' id='word_1_122' title='bbox 1068 821 1167 866; x_wconf 83' lang='lat' dir='ltr'>apud·</span> <span class='ocrx_word' id='word_1_123' title='bbox 1182 831 1349 866; x_wconf 73' lang='lat' dir='ltr'>pauperes</span> <span class='ocrx_word' id='word_1_124' title='bbox 1370 818 1457 852; x_wconf 83' lang='lat' dir='ltr'>vitae</span> <span class='ocrx_word' id='word_1_125' title='bbox 1480 818 1624 851; x_wconf 87' lang='lat' dir='ltr'>tenuitas</span> 
     </span>
     <span class='ocr_line' id='line_1_14' title="bbox 105 871 1625 926; baseline -0.014 -5"><span class='ocrx_word' id='word_1_126' title='bbox 105 893 140 921; x_wconf 80' lang='lat' dir='ltr'>et</span> <span class='ocrx_word' id='word_1_127' title='bbox 161 885 309 926; x_wconf 75' lang='lat' dir='ltr'>exilitas,</span> <span class='ocrx_word' id='word_1_128' title='bbox 330 888 400 915; x_wconf 84' lang='lat' dir='ltr'>tum</span> <span class='ocrx_word' id='word_1_129' title='bbox 423 881 459 913; x_wconf 92' lang='lat' dir='ltr'>in</span> <span class='ocrx_word' id='word_1_130' title='bbox 481 877 728 924; x_wconf 85' lang='lat' dir='ltr'>opulentiorum</span> <span class='ocrx_word' id='word_1_131' title='bbox 750 874 886 908; x_wconf 85' lang='lat' dir='ltr'>aedibus</span> <span class='ocrx_word' id='word_1_132' title='bbox 908 873 1107 919; x_wconf 84' lang='lat' dir='ltr'>parsimonia</span> <span class='ocrx_word' id='word_1_133' title='bbox 1128 877 1163 905; x_wconf 93' lang='lat' dir='ltr'>et</span> <span class='ocrx_word' id='word_1_134' title='bbox 1184 871 1374 917; x_wconf 74' lang='lat' dir='ltr'>frugalitas,</span> <span class='ocrx_word' id='word_1_135' title='bbox 1408 881 1507 916; x_wconf 83' lang='lat' dir='ltr'>qnam</span> <span class='ocrx_word' id='word_1_136' title='bbox 1530 874 1625 904; x_wconf 76' lang='lat' dir='ltr'>curta</span> 
     </span>
     <span class='ocr_line' id='line_1_15' title="bbox 105 922 1621 975; baseline -0.013 -1"><span class='ocrx_word' id='word_1_137' title='bbox 105 946 141 975; x_wconf 77' lang='lat' dir='ltr'>et:</span> <span class='ocrx_word' id='word_1_138' title='bbox 166 945 236 974; x_wconf 74' lang='lat' dir='ltr'>arta</span> <span class='ocrx_word' id='word_1_139' title='bbox 250 937 306 970; x_wconf 32' lang='lat' dir='ltr'>*ad</span> <span class='ocrx_word' id='word_1_140' title='bbox 332 935 433 969; x_wconf 80' lang='lat' dir='ltr'>vitam</span> <span class='ocrx_word' id='word_1_141' title='bbox 460 930 724 966; x_wconf 84' lang='lat' dir='ltr'>necessariorum</span> <span class='ocrx_word' id='word_1_142' title='bbox 755 927 922 973; x_wconf 83' lang='lat' dir='ltr'>supellex,</span> <span class='ocrx_word' id='word_1_143' title='bbox 951 925 1060 959; x_wconf 80' lang='lat' dir='ltr'><strong>nostri</strong></span> <span class='ocrx_word' id='word_1_144' title='bbox 1088 924 1211 959; x_wconf 82' lang='lat' dir='ltr'>saeculi</span> <span class='ocrx_word' id='word_1_145' title='bbox 1239 936 1314 958; x_wconf 85' lang='lat' dir='ltr'>cum</span> <span class='ocrx_word' id='word_1_146' title='bbox 1344 922 1509 968; x_wconf 77' lang='lat' dir='ltr'>superiori</span> <span class='ocrx_word' id='word_1_147' title='bbox 1537 933 1621 956; x_wconf 78' lang='lat' dir='ltr'>aevo</span> 
     </span>
     <span class='ocr_line' id='line_1_16' title="bbox 106 973 1620 1034; baseline -0.011 -13"><span class='ocrx_word' id='word_1_148' title='bbox 106 987 387 1034; x_wconf 75' lang='lat' dir='ltr'>comparationem</span> <span class='ocrx_word' id='word_1_149' title='bbox 418 985 446 1016; x_wconf 87' lang='lat' dir='ltr'>si</span> <span class='ocrx_word' id='word_1_150' title='bbox 475 983 618 1024; x_wconf 79' lang='lat' dir='ltr'>feceris,</span> <span class='ocrx_word' id='word_1_151' title='bbox 645 999 679 1005; x_wconf 80' lang='lat'>—-</span> <span class='ocrx_word' id='word_1_152' title='bbox 705 981 788 1013; x_wconf 83' lang='lat' dir='ltr'>haec</span> <span class='ocrx_word' id='word_1_153' title='bbox 820 988 1023 1012; x_wconf 78' lang='lat' dir='ltr'>memorasse</span> <span class='ocrx_word' id='word_1_154' title='bbox 1051 982 1107 1009; x_wconf 90' lang='lat' dir='ltr'>aut</span> <span class='ocrx_word' id='word_1_155' title='bbox 1141 975 1345 1020; x_wconf 72' lang='lat' dir='ltr'>significasse</span> <span class='ocrx_word' id='word_1_156' title='bbox 1381 974 1461 1006; x_wconf 85' lang='lat' dir='ltr'>satis</span> <span class='ocrx_word' id='word_1_157' title='bbox 1494 973 1620 1016; x_wconf 77' lang='lat' dir='ltr'>habeo3</span> 
     </span>
     <span class='ocr_line' id='line_1_17' title="bbox 107 1025 1622 1088; baseline -0.013 -11"><span class='ocrx_word' id='word_1_158' title='bbox 107 1042 237 1088; x_wconf 80' lang='lat' dir='ltr'>reliqua</span> <span class='ocrx_word' id='word_1_159' title='bbox 255 1039 337 1086; x_wconf 80' lang='lat' dir='ltr'>quin</span> <span class='ocrx_word' id='word_1_160' title='bbox 358 1037 481 1078; x_wconf 86' lang='lat' dir='ltr'>norit,-</span> <span class='ocrx_word' id='word_1_161' title='bbox 499 1047 597 1069; x_wconf 87' lang='lat' dir='ltr'>nemo</span> <span class='ocrx_word' id='word_1_162' title='bbox 619 1033 718 1067; x_wconf 82' lang='lat' dir='ltr'>facile</span> <span class='ocrx_word' id='word_1_163' title='bbox 741 1037 807 1067; x_wconf 75' lang='lat' dir='ltr'>tam</span> <span class='ocrx_word' id='word_1_164' title='bbox 829 1042 947 1066; x_wconf 85' lang='lat' dir='ltr'>caecus</span> <span class='ocrx_word' id='word_1_165' title='bbox 970 1034 1037 1072; x_wconf 79' lang='lat' dir='ltr'>est,</span> <span class='ocrx_word' id='word_1_166' title='bbox 1070 1028 1135 1063; x_wconf 89' lang='lat' dir='ltr'>nisi</span> <span class='ocrx_word' id='word_1_167' title='bbox 1157 1027 1215 1075; x_wconf 89' lang='lat' dir='ltr'>qui</span> <span class='ocrx_word' id='word_1_168' title='bbox 1239 1026 1362 1062; x_wconf 85' lang='lat' dir='ltr'>saeculi</span> <span class='ocrx_word' id='word_1_169' title='bbox 1382 1025 1622 1061; x_wconf 83' lang='lat' dir='ltr'>blandimentis</span> 
     </span>
     <span class='ocr_line' id='line_1_18' title="bbox 106 1087 797 1136; baseline -0.016 -6"><span class='ocrx_word' id='word_1_170' title='bbox 106 1108 144 1130; x_wconf 88' lang='lat' dir='ltr'>ae</span> <span class='ocrx_word' id='word_1_171' title='bbox 167 1093 297 1128; x_wconf 86' lang='lat' dir='ltr'>deliciis</span> <span class='ocrx_word' id='word_1_172' title='bbox 319 1091 414 1136; x_wconf 84' lang='lat' dir='ltr'>quasi</span> <span class='ocrx_word' id='word_1_173' title='bbox 436 1088 610 1133; x_wconf 78' lang='lat' dir='ltr'>obsepitus</span> <span class='ocrx_word' id='word_1_174' title='bbox 633 1087 797 1120; x_wconf 80' lang='lat' dir='ltr'>dormitat.</span> 
     </span>
    </p>

    <p class='ocr_par' dir='ltr' id='par_1_3' title="bbox 106 1134 1624 1713">
     <span class='ocr_line' id='line_1_19' title="bbox 213 1134 1620 1190; baseline -0.008 -13"><span class='ocrx_word' id='word_1_175' title='bbox 213 1145 333 1190; x_wconf 70' lang='lat' dir='ltr'>Neque</span> <span class='ocrx_word' id='word_1_176' title='bbox 356 1144 438 1177; x_wconf 83' lang='lat' dir='ltr'>baec</span> <span class='ocrx_word' id='word_1_177' title='bbox 459 1141 495 1175; x_wconf 90' lang='lat' dir='ltr'>in</span> <span class='ocrx_word' id='word_1_178' title='bbox 517 1141 678 1174; x_wconf 79' lang='lat' dir='ltr'>bonorem</span> <span class='ocrx_word' id='word_1_179' title='bbox 701 1138 825 1184; x_wconf 85' lang='lat' dir='ltr'>prioris</span> <span class='ocrx_word' id='word_1_180' title='bbox 852 1136 925 1171; x_wconf 86' lang='lat' dir='ltr'>aevi</span> <span class='ocrx_word' id='word_1_181' title='bbox 951 1136 999 1170; x_wconf 83' lang='lat' dir='ltr'>ita</span> <span class='ocrx_word' id='word_1_182' title='bbox 1020 1135 1167 1177; x_wconf 87' lang='lat' dir='ltr'>dissero,</span> <span class='ocrx_word' id='word_1_183' title='bbox 1203 1134 1299 1181; x_wconf 84' lang='lat' dir='ltr'>quasi</span> <span class='ocrx_word' id='word_1_184' title='bbox 1325 1134 1407 1168; x_wconf 81' lang='lat' dir='ltr'>mibi</span> <span class='ocrx_word' id='word_1_185' title='bbox 1435 1145 1510 1168; x_wconf 89' lang='lat' dir='ltr'>cum</span> <span class='ocrx_word' id='word_1_186' title='bbox 1539 1145 1620 1168; x_wconf 90' lang='lat' dir='ltr'>nou-</span> 
     </span>
     <span class='ocr_line' id='line_1_20' title="bbox 106 1186 1620 1237; baseline -0.01 -3"><span class='ocrx_word' id='word_1_187' title='bbox 106 1199 209 1234; x_wconf 86' lang='lat' dir='ltr'>nullis</span> <span class='ocrx_word' id='word_1_188' title='bbox 230 1196 421 1231; x_wconf 82' lang='lat' dir='ltr'>libellorum</span> <span class='ocrx_word' id='word_1_189' title='bbox 444 1193 634 1226; x_wconf 76' lang='lat' dir='ltr'>auetoribus</span> <span class='ocrx_word' id='word_1_190' title='bbox 664 1201 856 1237; x_wconf 81' lang='lat' dir='ltr'>persuasum</span> <span class='ocrx_word' id='word_1_191' title='bbox 885 1189 927 1223; x_wconf 87' lang='lat' dir='ltr'>sit</span> <span class='ocrx_word' id='word_1_192' title='bbox 957 1188 1066 1221; x_wconf 84' lang='lat' dir='ltr'>omnia</span> <span class='ocrx_word' id='word_1_193' title='bbox 1087 1192 1200 1220; x_wconf 85' lang='lat' dir='ltr'>nostra</span> <span class='ocrx_word' id='word_1_194' title='bbox 1230 1193 1264 1220; x_wconf 92' lang='lat' dir='ltr'>et</span> <span class='ocrx_word' id='word_1_195' title='bbox 1286 1199 1369 1233; x_wconf 82' lang='lat' dir='ltr'>quae</span> <span class='ocrx_word' id='word_1_196' title='bbox 1392 1187 1427 1219; x_wconf 88' lang='lat' dir='ltr'>in</span> <span class='ocrx_word' id='word_1_197' title='bbox 1450 1186 1620 1232; x_wconf 77' lang='lat' dir='ltr'>praesenti</span> 
     </span>
     <span class='ocr_line' id='line_1_21' title="bbox 107 1239 1620 1295; baseline -0.011 -8"><span class='ocrx_word' id='word_1_198' title='bbox 107 1258 201 1295; x_wconf 86' lang='lat' dir='ltr'>sunt,</span> <span class='ocrx_word' id='word_1_199' title='bbox 224 1257 290 1285; x_wconf 90' lang='lat' dir='ltr'>tam</span> <span class='ocrx_word' id='word_1_200' title='bbox 313 1253 469 1294; x_wconf 80' lang='lat' dir='ltr'>corrupta</span> <span class='ocrx_word' id='word_1_201' title='bbox 493 1258 567 1281; x_wconf 89' lang='lat' dir='ltr'>esse</span> <span class='ocrx_word' id='word_1_202' title='bbox 591 1250 624 1279; x_wconf 90' lang='lat' dir='ltr'>et</span> <span class='ocrx_word' id='word_1_203' title='bbox 646 1244 837 1290; x_wconf 83' lang='lat' dir='ltr'>depravata,</span> <span class='ocrx_word' id='word_1_204' title='bbox 866 1246 1023 1289; x_wconf 85' lang='lat' dir='ltr'>quantum</span> <span class='ocrx_word' id='word_1_205' title='bbox 1045 1240 1175 1286; x_wconf 75' lang='lat' dir='ltr'>integra</span> <span class='ocrx_word' id='word_1_206' title='bbox 1197 1245 1231 1274; x_wconf 88' lang='lat' dir='ltr'>et</span> <span class='ocrx_word' id='word_1_207' title='bbox 1252 1239 1374 1286; x_wconf 85' lang='lat' dir='ltr'>proba,</span> <span class='ocrx_word' id='word_1_208' title='bbox 1404 1251 1620 1286; x_wconf 84' lang='lat' dir='ltr'>quaecunque</span> 
     </span>
     <span class='ocr_line' id='line_1_22' title="bbox 108 1292 1620 1352; baseline -0.011 -13"><span class='ocrx_word' id='word_1_209' title='bbox 108 1305 262 1352; x_wconf 80' lang='lat' dir='ltr'>superior</span> <span class='ocrx_word' id='word_1_210' title='bbox 291 1308 381 1336; x_wconf 84' lang='lat' dir='ltr'>aetas</span> <span class='ocrx_word' id='word_1_211' title='bbox 408 1300 496 1333; x_wconf 87' lang='lat' dir='ltr'>tulit.</span> <span class='ocrx_word' id='word_1_212' title='bbox 546 1299 656 1332; x_wconf 86' lang='lat' dir='ltr'>Unum</span> <span class='ocrx_word' id='word_1_213' title='bbox 685 1308 839 1331; x_wconf 81' lang='lat' dir='ltr'>assevero</span> <span class='ocrx_word' id='word_1_214' title='bbox 867 1300 966 1340; x_wconf 83' lang='lat' dir='ltr'>atque</span> <span class='ocrx_word' id='word_1_215' title='bbox 995 1294 1177 1335; x_wconf 87' lang='lat' dir='ltr'>contendo,</span> <span class='ocrx_word' id='word_1_216' title='bbox 1218 1297 1252 1325; x_wconf 91' lang='lat' dir='ltr'>et</span> <span class='ocrx_word' id='word_1_217' title='bbox 1281 1292 1517 1336; x_wconf 86' lang='lat' dir='ltr'>simpliciorem</span> <span class='ocrx_word' id='word_1_218' title='bbox 1540 1292 1620 1324; x_wconf 90' lang='lat' dir='ltr'>olim</span> 
     </span>
     <span class='ocr_line' id='line_1_23' title="bbox 107 1343 1621 1399; baseline -0.011 -8"><span class='ocrx_word' id='word_1_219' title='bbox 107 1358 212 1392; x_wconf 76' lang='lat' dir='ltr'>fuisse</span> <span class='ocrx_word' id='word_1_220' title='bbox 235 1360 440 1399; x_wconf 84' lang='lat' dir='ltr'>naturaeque</span> <span class='ocrx_word' id='word_1_221' title='bbox 472 1350 624 1397; x_wconf 84' lang='lat' dir='ltr'>corporis</span> <span class='ocrx_word' id='word_1_222' title='bbox 652 1348 784 1381; x_wconf 85' lang='lat' dir='ltr'>humani</span> <span class='ocrx_word' id='word_1_223' title='bbox 811 1345 1117 1381; x_wconf 82' lang='lat' dir='ltr'>convenientiorem</span> <span class='ocrx_word' id='word_1_224' title='bbox 1142 1344 1275 1378; x_wconf 82' lang='lat' dir='ltr'>vivendi</span> <span class='ocrx_word' id='word_1_225' title='bbox 1304 1348 1338 1376; x_wconf 86' lang='lat' dir='ltr'>et</span> <span class='ocrx_word' id='word_1_226' title='bbox 1367 1343 1502 1376; x_wconf 79' lang='lat' dir='ltr'>fruendi</span> <span class='ocrx_word' id='word_1_227' title='bbox 1524 1343 1621 1376; x_wconf 80' lang='lat' dir='ltr'>ratio-</span> 
     </span>
     <span class='ocr_line' id='line_1_24' title="bbox 106 1396 1623 1454; baseline -0.013 -10"><span class='ocrx_word' id='word_1_228' title='bbox 106 1423 202 1454; x_wconf 84' lang='lat' dir='ltr'>nem,</span> <span class='ocrx_word' id='word_1_229' title='bbox 225 1414 259 1442; x_wconf 91' lang='lat' dir='ltr'>et</span> <span class='ocrx_word' id='word_1_230' title='bbox 282 1405 491 1453; x_wconf 83' lang='lat' dir='ltr'>disciplinam</span> <span class='ocrx_word' id='word_1_231' title='bbox 514 1402 727 1437; x_wconf 81' lang='lat' dir='ltr'>domesticam</span> <span class='ocrx_word' id='word_1_232' title='bbox 757 1405 855 1447; x_wconf 75' lang='lat' dir='ltr'>atque</span> <span class='ocrx_word' id='word_1_233' title='bbox 878 1398 1038 1445; x_wconf 84' lang='lat' dir='ltr'>privatam</span> <span class='ocrx_word' id='word_1_234' title='bbox 1060 1397 1137 1443; x_wconf 90' lang='lat' dir='ltr'>plus</span> <span class='ocrx_word' id='word_1_235' title='bbox 1167 1396 1365 1442; x_wconf 73' lang='lat' dir='ltr'>graviusque</span> <span class='ocrx_word' id='word_1_236' title='bbox 1394 1401 1464 1429; x_wconf 86' lang='lat' dir='ltr'>tum</span> <span class='ocrx_word' id='word_1_237' title='bbox 1495 1396 1623 1430; x_wconf 86' lang='lat' dir='ltr'>discen.</span> 
     </span>
     <span class='ocr_line' id='line_1_25' title="bbox 106 1447 1624 1509; baseline -0.013 -10"><span class='ocrx_word' id='word_1_238' title='bbox 106 1466 191 1499; x_wconf 89' lang='lat' dir='ltr'>tium</span> <span class='ocrx_word' id='word_1_239' title='bbox 213 1461 413 1509; x_wconf 79' lang='lat' dir='ltr'>profectus,</span> <span class='ocrx_word' id='word_1_240' title='bbox 449 1463 518 1491; x_wconf 86' lang='lat' dir='ltr'>tum</span> <span class='ocrx_word' id='word_1_241' title='bbox 547 1456 780 1501; x_wconf 76' lang='lat' dir='ltr'>magistrorum</span> <span class='ocrx_word' id='word_1_242' title='bbox 808 1452 1051 1486; x_wconf 85' lang='lat' dir='ltr'>institutionem</span> <span class='ocrx_word' id='word_1_243' title='bbox 1082 1449 1380 1483; x_wconf 22' lang='lat' dir='ltr'>etoadmonitiones</span> <span class='ocrx_word' id='word_1_244' title='bbox 1402 1447 1566 1482; x_wconf 85' lang='lat' dir='ltr'>adiuvisse</span> <span class='ocrx_word' id='word_1_245' title='bbox 1589 1453 1624 1481; x_wconf 90' lang='lat' dir='ltr'>et</span> 
     </span>
     <span class='ocr_line' id='line_1_26' title="bbox 108 1499 1624 1557; baseline -0.012 -6"><span class='ocrx_word' id='word_1_246' title='bbox 108 1520 328 1557; x_wconf 77' lang='lat' dir='ltr'>sustentasse3</span> <span class='ocrx_word' id='word_1_247' title='bbox 360 1511 506 1556; x_wconf 89' lang='lat' dir='ltr'>denique</span> <span class='ocrx_word' id='word_1_248' title='bbox 524 1509 618 1555; x_wconf 86' lang='lat' dir='ltr'>ipsos</span> <span class='ocrx_word' id='word_1_249' title='bbox 635 1507 734 1541; x_wconf 84' lang='lat' dir='ltr'>etiam</span> <span class='ocrx_word' id='word_1_250' title='bbox 755 1504 910 1551; x_wconf 81' lang='lat' dir='ltr'>publicos</span> <span class='ocrx_word' id='word_1_251' title='bbox 927 1503 1048 1537; x_wconf 86' lang='lat' dir='ltr'>civium</span> <span class='ocrx_word' id='word_1_252' title='bbox 1066 1513 1178 1535; x_wconf 87' lang='lat' dir='ltr'>mores</span> <span class='ocrx_word' id='word_1_253' title='bbox 1194 1506 1229 1534; x_wconf 87' lang='lat' dir='ltr'>et</span> <span class='ocrx_word' id='word_1_254' title='bbox 1244 1500 1380 1547; x_wconf 89' lang='lat' dir='ltr'>propria</span> <span class='ocrx_word' id='word_1_255' title='bbox 1397 1499 1547 1532; x_wconf 76' lang='lat' dir='ltr'>instituta</span> <span class='ocrx_word' id='word_1_256' title='bbox 1566 1511 1624 1533; x_wconf 89' lang='lat' dir='ltr'>sua</span> 
     </span>
     <span class='ocr_line' id='line_1_27' title="bbox 109 1551 1623 1604; baseline -0.013 -1"><span class='ocrx_word' id='word_1_257' title='bbox 109 1576 143 1604; x_wconf 89' lang='lat' dir='ltr'>ct</span> <span class='ocrx_word' id='word_1_258' title='bbox 165 1568 275 1602; x_wconf 83' lang='lat' dir='ltr'>nativa</span> <span class='ocrx_word' id='word_1_259' title='bbox 297 1565 448 1599; x_wconf 81' lang='lat' dir='ltr'>castitate</span> <span class='ocrx_word' id='word_1_260' title='bbox 467 1574 505 1595; x_wconf 89' lang='lat' dir='ltr'>ae</span> <span class='ocrx_word' id='word_1_261' title='bbox 526 1560 698 1594; x_wconf 82' lang='lat' dir='ltr'>sanctitate</span> <span class='ocrx_word' id='word_1_262' title='bbox 716 1569 897 1604; x_wconf 85' lang='lat' dir='ltr'>puerorum</span> <span class='ocrx_word' id='word_1_263' title='bbox 921 1551 1248 1599; x_wconf 73' lang='lat' dir='ltr'>adolescentinmquc</span> <span class='ocrx_word' id='word_1_264' title='bbox 1270 1553 1397 1586; x_wconf 86' lang='lat' dir='ltr'>animos</span> <span class='ocrx_word' id='word_1_265' title='bbox 1414 1552 1623 1593; x_wconf 81' lang='lat' dir='ltr'>verecundia,</span> 
     </span>
     <span class='ocr_line' id='line_1_28' title="bbox 107 1604 1623 1668; baseline -0.015 -13"><span class='ocrx_word' id='word_1_266' title='bbox 107 1622 255 1668; x_wconf 78' lang='lat' dir='ltr'>pudore,</span> <span class='ocrx_word' id='word_1_267' title='bbox 283 1617 466 1662; x_wconf 76' lang='lat' dir='ltr'>religione,</span> <span class='ocrx_word' id='word_1_268' title='bbox 494 1614 530 1648; x_wconf 90' lang='lat' dir='ltr'>in</span> <span class='ocrx_word' id='word_1_269' title='bbox 551 1614 663 1646; x_wconf 84' lang='lat' dir='ltr'>Deum</span> <span class='ocrx_word' id='word_1_270' title='bbox 685 1610 903 1655; x_wconf 80' lang='lat' dir='ltr'>hominesque</span> <span class='ocrx_word' id='word_1_271' title='bbox 922 1609 1047 1654; x_wconf 85' lang='lat' dir='ltr'>pietate</span> <span class='ocrx_word' id='word_1_272' title='bbox 1069 1606 1246 1648; x_wconf 80' lang='lat' dir='ltr'>imbuisse,</span> <span class='ocrx_word' id='word_1_273' title='bbox 1281 1605 1328 1638; x_wconf 90' lang='lat' dir='ltr'>sic</span> <span class='ocrx_word' id='word_1_274' title='bbox 1351 1610 1387 1636; x_wconf 89' lang='lat' dir='ltr'>ut</span> <span class='ocrx_word' id='word_1_275' title='bbox 1410 1604 1521 1638; x_wconf 85' lang='lat' dir='ltr'>div-ino</span> <span class='ocrx_word' id='word_1_276' title='bbox 1544 1616 1623 1651; x_wconf 84' lang='lat' dir='ltr'>quo-</span> 
     </span>
     <span class='ocr_line' id='line_1_29' title="bbox 108 1662 1180 1713; baseline -0.013 -8"><span class='ocrx_word' id='word_1_277' title='bbox 108 1675 182 1708; x_wconf 75' lang='lat' dir='ltr'>dam</span> <span class='ocrx_word' id='word_1_278' title='bbox 204 1670 361 1705; x_wconf 86' lang='lat' dir='ltr'>instinctu</span> <span class='ocrx_word' id='word_1_279' title='bbox 385 1667 495 1713; x_wconf 89' lang='lat' dir='ltr'>turpia</span> <span class='ocrx_word' id='word_1_280' title='bbox 517 1664 792 1705; x_wconf 76' lang='lat' dir='ltr'>reformidarent,</span> <span class='ocrx_word' id='word_1_281' title='bbox 815 1662 954 1695; x_wconf 80' lang='lat' dir='ltr'>honesta</span> <span class='ocrx_word' id='word_1_282' title='bbox 975 1664 1180 1706; x_wconf 85' lang='lat' dir='ltr'>appeterent.</span> 
     </span>
    </p>

    <p class='ocr_par' dir='ltr' id='par_1_4' title="bbox 108 1708 1627 2084">
     <span class='ocr_line' id='line_1_30' title="bbox 175 1708 1625 1770; baseline -0.011 -13"><span class='ocrx_word' id='word_1_283' title='bbox 175 1723 290 1770; x_wconf 74' lang='lat' dir='ltr'>Quare</span> <span class='ocrx_word' id='word_1_284' title='bbox 314 1732 378 1766; x_wconf 79' lang='lat' dir='ltr'>ego</span> <span class='ocrx_word' id='word_1_285' title='bbox 390 1719 532 1766; x_wconf 86' lang='lat' dir='ltr'>&#39;quidem</span> <span class='ocrx_word' id='word_1_286' title='bbox 549 1715 799 1751; x_wconf 66' lang='lat' dir='ltr'>non-assentior</span> <span class='ocrx_word' id='word_1_287' title='bbox 815 1714 901 1748; x_wconf 79' lang='lat' dir='ltr'>salso</span> <span class='ocrx_word' id='word_1_288' title='bbox 918 1713 960 1746; x_wconf 91' lang='lat' dir='ltr'>de</span> <span class='ocrx_word' id='word_1_289' title='bbox 978 1717 1095 1746; x_wconf 85' lang='lat' dir='ltr'>natura</span> <span class='ocrx_word' id='word_1_290' title='bbox 1113 1711 1253 1744; x_wconf 82' lang='lat' dir='ltr'>bumana</span> <span class='ocrx_word' id='word_1_291' title='bbox 1276 1708 1508 1756; x_wconf 81' lang='lat' dir='ltr'>querentibus,</span> <span class='ocrx_word' id='word_1_292' title='bbox 1531 1709 1625 1756; x_wconf 75' lang='lat' dir='ltr'>quasi</span> 
     </span>
     <span class='ocr_line' id='line_1_31' title="bbox 108 1762 1623 1814; baseline -0.013 -2"><span class='ocrx_word' id='word_1_293' title='bbox 108 1781 190 1814; x_wconf 81' lang='lat' dir='ltr'>haec</span> <span class='ocrx_word' id='word_1_294' title='bbox 211 1780 325 1809; x_wconf 87' lang='lat' dir='ltr'>nostra</span> <span class='ocrx_word' id='word_1_295' title='bbox 344 1778 450 1807; x_wconf 88' lang='lat' dir='ltr'>aetate</span> <span class='ocrx_word' id='word_1_296' title='bbox 473 1770 672 1805; x_wconf 88' lang='lat' dir='ltr'>imbecillior</span> <span class='ocrx_word' id='word_1_297' title='bbox 695 1769 739 1802; x_wconf 84' lang='lat' dir='ltr'>sit</span> <span class='ocrx_word' id='word_1_298' title='bbox 760 1780 798 1802; x_wconf 87' lang='lat' dir='ltr'>ae</span> <span class='ocrx_word' id='word_1_299' title='bbox 815 1765 976 1808; x_wconf 85' lang='lat' dir='ltr'>debilior,</span> <span class='ocrx_word' id='word_1_300' title='bbox 999 1765 1047 1799; x_wconf 87' lang='lat' dir='ltr'>sie</span> <span class='ocrx_word' id='word_1_301' title='bbox 1069 1770 1106 1797; x_wconf 73' lang='lat' dir='ltr'>ut</span> <span class='ocrx_word' id='word_1_302' title='bbox 1128 1769 1162 1797; x_wconf 89' lang='lat' dir='ltr'>et</span> <span class='ocrx_word' id='word_1_303' title='bbox 1183 1763 1274 1797; x_wconf 84' lang='lat' dir='ltr'>vires</span> <span class='ocrx_word' id='word_1_304' title='bbox 1296 1762 1450 1796; x_wconf 76' lang='lat' dir='ltr'>deficiant</span> <span class='ocrx_word' id='word_1_305' title='bbox 1470 1762 1512 1795; x_wconf 90' lang='lat' dir='ltr'>ad</span> <span class='ocrx_word' id='word_1_306' title='bbox 1533 1762 1623 1796; x_wconf 82' lang='lat' dir='ltr'>labo-</span> 
     </span>
     <span class='ocr_line' id='line_1_32' title="bbox 108 1814 1621 1873; baseline -0.012 -8"><span class='ocrx_word' id='word_1_307' title='bbox 108 1843 164 1866; x_wconf 88' lang='lat' dir='ltr'>res</span> <span class='ocrx_word' id='word_1_308' title='bbox 186 1826 377 1873; x_wconf 86' lang='lat' dir='ltr'>tolerandos</span> <span class='ocrx_word' id='word_1_309' title='bbox 401 1829 435 1858; x_wconf 85' lang='lat' dir='ltr'>et</span> <span class='ocrx_word' id='word_1_310' title='bbox 456 1823 629 1857; x_wconf 78' lang='lat' dir='ltr'>hebetiora</span> <span class='ocrx_word' id='word_1_311' title='bbox 650 1820 925 1865; x_wconf 71' lang='lat' dir='ltr'>languidioraqne</span> <span class='ocrx_word' id='word_1_312' title='bbox 945 1816 1128 1862; x_wconf 66' lang='lat' dir='ltr'>iuventutis</span> <span class='ocrx_word' id='word_1_313' title='bbox 1150 1815 1248 1849; x_wconf 87' lang='lat' dir='ltr'>citius</span> <span class='ocrx_word' id='word_1_314' title='bbox 1265 1814 1461 1849; x_wconf 64' lang='lat' dir='ltr'>llaec-escant</span> <span class='ocrx_word' id='word_1_315' title='bbox 1478 1814 1621 1859; x_wconf 73' lang='lat' dir='ltr'>ingenia,</span> 
     </span>
     <span class='ocr_line' id='line_1_33' title="bbox 109 1866 1623 1931; baseline -0.01 -17"><span class='ocrx_word' id='word_1_316' title='bbox 109 1895 225 1931; x_wconf 62' lang='lat' dir='ltr'>parum</span> <span class='ocrx_word' id='word_1_317' title='bbox 240 1885 315 1926; x_wconf 81' lang='lat' dir='ltr'>apta</span> <span class='ocrx_word' id='word_1_318' title='bbox 331 1884 429 1924; x_wconf 86' lang='lat' dir='ltr'>atque</span> <span class='ocrx_word' id='word_1_319' title='bbox 448 1876 566 1909; x_wconf 87' lang='lat' dir='ltr'>idonea</span> <span class='ocrx_word' id='word_1_320' title='bbox 586 1874 628 1907; x_wconf 88' lang='lat' dir='ltr'>ad</span> <span class='ocrx_word' id='word_1_321' title='bbox 640 1878 764 1906; x_wconf 81' lang='lat' dir='ltr'>tantam</span> <span class='ocrx_word' id='word_1_322' title='bbox 782 1870 1030 1919; x_wconf 79' lang='lat' dir='ltr'>disciplinarum</span> <span class='ocrx_word' id='word_1_323' title='bbox 1046 1869 1168 1902; x_wconf 86' lang='lat' dir='ltr'>molem</span> <span class='ocrx_word' id='word_1_324' title='bbox 1187 1867 1411 1900; x_wconf 83' lang='lat' dir='ltr'>sustinendam</span> <span class='ocrx_word' id='word_1_325' title='bbox 1427 1871 1482 1899; x_wconf 82' lang='lat' dir='ltr'>ant</span> <span class='ocrx_word' id='word_1_326' title='bbox 1502 1866 1623 1912; x_wconf 90' lang='lat' dir='ltr'>recipi-</span> 
     </span>
     <span class='ocr_line' id='line_1_34' title="bbox 109 1919 1624 1976; baseline -0.015 -6"><span class='ocrx_word' id='word_1_327' title='bbox 109 1937 244 1976; x_wconf 84' lang='lat' dir='ltr'>endam,</span> <span class='ocrx_word' id='word_1_328' title='bbox 267 1932 389 1965; x_wconf 88' lang='lat' dir='ltr'>nedum</span> <span class='ocrx_word' id='word_1_329' title='bbox 409 1927 640 1974; x_wconf 71' lang='lat' dir='ltr'>digerendam,</span> <span class='ocrx_word' id='word_1_330' title='bbox 662 1929 783 1971; x_wconf 83' lang='lat' dir='ltr'>quanta</span> <span class='ocrx_word' id='word_1_331' title='bbox 799 1922 930 1956; x_wconf 88' lang='lat' dir='ltr'>miseris</span> <span class='ocrx_word' id='word_1_332' title='bbox 947 1921 1133 1955; x_wconf 81' lang='lat' dir='ltr'>scholarum</span> <span class='ocrx_word' id='word_1_333' title='bbox 1151 1919 1292 1953; x_wconf 89' lang='lat' dir='ltr'>alumnis</span> <span class='ocrx_word' id='word_1_334' title='bbox 1307 1919 1407 1952; x_wconf 83' lang='lat' dir='ltr'>bodie</span> <span class='ocrx_word' id='word_1_335' title='bbox 1429 1919 1564 1963; x_wconf 82' lang='lat' dir='ltr'>publice</span> <span class='ocrx_word' id='word_1_336' title='bbox 1587 1919 1624 1952; x_wconf 84' lang='lat' dir='ltr'>in</span> 
     </span>
     <span class='ocr_line' id='line_1_35' title="bbox 110 1970 1627 2035; baseline -0.013 -15"><span class='ocrx_word' id='word_1_337' title='bbox 110 1987 281 2035; x_wconf 85' lang='lat' dir='ltr'>plerisque</span> <span class='ocrx_word' id='word_1_338' title='bbox 293 1981 490 2016; x_wconf 84' lang='lat' dir='ltr'>Germaniae</span> <span class='ocrx_word' id='word_1_339' title='bbox 509 1978 696 2012; x_wconf 83' lang='lat' dir='ltr'>civitatibus</span> <span class='ocrx_word' id='word_1_340' title='bbox 711 1976 753 2008; x_wconf 87' lang='lat' dir='ltr'>ad</span> <span class='ocrx_word' id='word_1_341' title='bbox 772 1974 986 2007; x_wconf 85' lang='lat' dir='ltr'>ediscendum</span> <span class='ocrx_word' id='word_1_342' title='bbox 1009 1977 1043 2004; x_wconf 82' lang='lat' dir='ltr'>et</span> <span class='ocrx_word' id='word_1_343' title='bbox 1060 1970 1328 2015; x_wconf 69' lang='lat' dir='ltr'>cognoscendum</span> <span class='ocrx_word' id='word_1_344' title='bbox 1345 1970 1550 2015; x_wconf 82' lang='lat' dir='ltr'>praescripta</span> <span class='ocrx_word' id='word_1_345' title='bbox 1574 1970 1627 2005; x_wconf 67' lang='lat' dir='ltr'>sit,</span> 
     </span>
     <span class='ocr_line' id='line_1_36' title="bbox 109 2021 1626 2084; baseline -0.015 -10"><span class='ocrx_word' id='word_1_346' title='bbox 109 2041 156 2074; x_wconf 87' lang='lat' dir='ltr'>Et</span> <span class='ocrx_word' id='word_1_347' title='bbox 172 2035 325 2084; x_wconf 88' lang='lat' dir='ltr'>corporis</span> <span class='ocrx_word' id='word_1_348' title='bbox 340 2034 431 2069; x_wconf 87' lang='lat' dir='ltr'>vires</span> <span class='ocrx_word' id='word_1_349' title='bbox 448 2037 481 2065; x_wconf 87' lang='lat' dir='ltr'>et</span> <span class='ocrx_word' id='word_1_350' title='bbox 497 2029 623 2076; x_wconf 75' lang='lat' dir='ltr'>ingenii</span> <span class='ocrx_word' id='word_1_351' title='bbox 639 2028 813 2063; x_wconf 77' lang='lat' dir='ltr'>facultates</span> <span class='ocrx_word' id='word_1_352' title='bbox 830 2025 1008 2059; x_wconf 83' lang='lat' dir='ltr'>etiamnum</span> <span class='ocrx_word' id='word_1_353' title='bbox 1026 2028 1205 2070; x_wconf 87' lang='lat' dir='ltr'>suppetere</span> <span class='ocrx_word' id='word_1_354' title='bbox 1222 2022 1303 2056; x_wconf 84' lang='lat' dir='ltr'>mibi</span> <span class='ocrx_word' id='word_1_355' title='bbox 1318 2033 1514 2068; x_wconf 86' lang='lat' dir='ltr'>persuasum</span> <span class='ocrx_word' id='word_1_356' title='bbox 1526 2028 1588 2065; x_wconf 80' lang='lat' dir='ltr'>cst,</span> <span class='ocrx_word' id='word_1_357' title='bbox 1595 2021 1626 2067; x_wconf 95' lang='lat'>⁷)</span> 
     </span>
    </p>
   </div>
   <div class='ocr_carea' id='block_1_3' title="bbox 111 2154 1630 2242">
    <p class='ocr_par' dir='ltr' id='par_1_5' title="bbox 111 2154 1630 2242">
     <span class='ocr_line' id='line_1_37' title="bbox 114 2154 1627 2203; baseline -0.013 -8"><span class='ocrx_word' id='word_1_358' title='bbox 114 2177 119 2182; x_wconf 81' lang='grc'><strong>”</strong></span> <span class='ocrx_word' id='word_1_359' title='bbox 183 2168 205 2203; x_wconf 82' lang='lat'>⁷)</span> <span class='ocrx_word' id='word_1_360' title='bbox 222 2170 290 2196; x_wconf 78' lang='lat' dir='ltr'>Esse</span> <span class='ocrx_word' id='word_1_361' title='bbox 308 2168 365 2194; x_wconf 76' lang='lat' dir='ltr'>scio</span> <span class='ocrx_word' id='word_1_362' title='bbox 386 2173 467 2200; x_wconf 74' lang='lat' dir='ltr'>quam</span> <span class='ocrx_word' id='word_1_363' title='bbox 485 2164 586 2189; x_wconf 76' lang='lat' dir='ltr'>multos</span> <span class='ocrx_word' id='word_1_364' title='bbox 604 2160 763 2195; x_wconf 77' lang='lat' dir='ltr'>disciplinae</span> <span class='ocrx_word' id='word_1_365' title='bbox 781 2157 960 2184; x_wconf 73' lang='lat' dir='ltr'>scholasticae</span> <span class='ocrx_word' id='word_1_366' title='bbox 978 2156 1024 2182; x_wconf 73' lang='lat' dir='ltr'>vd</span> <span class='ocrx_word' id='word_1_367' title='bbox 1045 2158 1170 2182; x_wconf 78' lang='lat' dir='ltr'>auctores</span> <span class='ocrx_word' id='word_1_368' title='bbox 1192 2155 1236 2181; x_wconf 73' lang='lat' dir='ltr'>vel</span> <span class='ocrx_word' id='word_1_369' title='bbox 1258 2156 1473 2182; x_wconf 77' lang='lat' dir='ltr'>restauratores,</span> <span class='ocrx_word' id='word_1_370' title='bbox 1501 2154 1549 2187; x_wconf 74' lang='lat' dir='ltr'>qui</span> <span class='ocrx_word' id='word_1_371' title='bbox 1566 2155 1627 2180; x_wconf 69' lang='lat' dir='ltr'>nul.</span> 
     </span>
     <span class='ocr_line' id='line_1_38' title="bbox 111 2197 1630 2242; baseline -0.014 -2"><span class='ocrx_word' id='word_1_372' title='bbox 111 2216 165 2241; x_wconf 73' lang='lat' dir='ltr'>lam</span> <span class='ocrx_word' id='word_1_373' title='bbox 182 2214 241 2239; x_wconf 70' lang='lat' dir='ltr'>fere</span> <span class='ocrx_word' id='word_1_374' title='bbox 260 2211 375 2237; x_wconf 80' lang='lat' dir='ltr'>salutem</span> <span class='ocrx_word' id='word_1_375' title='bbox 390 2217 441 2235; x_wconf 87' lang='lat' dir='ltr'>uec</span> <span class='ocrx_word' id='word_1_376' title='bbox 460 2207 598 2242; x_wconf 81' lang='lat' dir='ltr'>publicam</span> <span class='ocrx_word' id='word_1_377' title='bbox 617 2213 667 2231; x_wconf 86' lang='lat' dir='ltr'>nee</span> <span class='ocrx_word' id='word_1_378' title='bbox 686 2204 819 2238; x_wconf 74' lang='lat' dir='ltr'>privatam</span> <span class='ocrx_word' id='word_1_379' title='bbox 839 2202 868 2227; x_wconf 87' lang='lat' dir='ltr'>iu</span> <span class='ocrx_word' id='word_1_380' title='bbox 886 2201 958 2226; x_wconf 76' lang='lat' dir='ltr'>ludis</span> <span class='ocrx_word' id='word_1_381' title='bbox 975 2198 1114 2225; x_wconf 70' lang='lat' dir='ltr'>litterariis·</span> <span class='ocrx_word' id='word_1_382' title='bbox 1131 2198 1211 2224; x_wconf 83' lang='lat' dir='ltr'>condi</span> <span class='ocrx_word' id='word_1_383' title='bbox 1235 2205 1267 2223; x_wconf 84' lang='lat' dir='ltr'>ae</span> <span class='ocrx_word' id='word_1_384' title='bbox 1284 2197 1378 2231; x_wconf 83' lang='lat' dir='ltr'>parari</span> <span class='ocrx_word' id='word_1_385' title='bbox 1396 2205 1475 2231; x_wconf 77' lang='lat' dir='ltr'>posse</span> <span class='ocrx_word' id='word_1_386' title='bbox 1493 2197 1630 2224; x_wconf 63' lang='lat' dir='ltr'>affirment</span> 
     </span>
    </p>
   </div>
   <div class='ocr_carea' id='block_1_4' title="bbox 963 2241 987 2273">
    <p class='ocr_par' dir='ltr' id='par_1_6' title="bbox 963 2241 987 2273">
     <span class='ocr_line' id='line_1_39' title="bbox 963 2241 987 2273; baseline 0 0"><span class='ocrx_word' id='word_1_387' title='bbox 963 2241 987 2273; x_wconf 79' lang='lat'><strong>2</strong></span> 
     </span>
    </p>
   </div>
  </div>
 </body>
</html>
